1745 2981
942 233 999 275 32

932 383 1002 423 IX.

431 510 600 554 Ibidem
636 510 709 553 lib.
737 514 784 553 V.
818 525 909 569 cap.
941 510 1011 567 69.
1042 512 1087 552 in
1120 509 1208 554 fine
1243 525 1325 570 pro
1359 509 1474 555 δέκα
1501 510 1553 556 δὲ

375 605 459 649 καὶ
480 604 588 654 τοὺς
615 603 789 662 δήμους
821 618 874 647 ex
897 605 1145 647 coniectura
1181 603 1243 647 cl.
1273 603 1391 648 Bakii
1414 603 1556 662 legen-

374 698 481 741 dum
512 706 576 741 est
605 700 691 743 καὶ
722 697 780 753 δή
810 699 893 743 καὶ
919 697 1027 748 τοὺς
1055 697 1243 754 δήμους.

939 824 991 863 Χ.

433 943 577 984 Minus
592 950 709 985 recte
722 950 857 1001 agunt
876 944 926 996 ii,
946 944 1025 1000 qui
1044 941 1145 986 freti
1159 942 1257 986 loco
1270 944 1553 986 Ciceroniano

372 1034 428 1077 de
462 1037 557 1078 Nat.
594 1039 711 1078 Deor
746 1035 820 1078 lib.
851 1039 882 1078 1.
911 1051 1002 1095 cap.
1037 1036 1104 1079 38.
1130 1045 1327 1079 statuunt
1350 1038 1554 1094 antiquos

372 1128 468 1172 illos
508 1133 568 1172 ita
613 1129 752 1173 dictos
787 1130 1014 1189 theologos
1048 1129 1341 1189 Amphionem
1378 1131 1555 1183 Linum,

371 1223 600 1283 Orpheum
621 1232 665 1266 et
689 1227 915 1267 Musaeum
935 1239 1177 1282 numquam
1196 1226 1422 1268 exstitisse:
1453 1223 1556 1267 huic

371 1319 488 1360 enim
518 1319 717 1381 opinioni
752 1325 872 1360 totns
902 1316 994 1361 fere
1022 1320 1292 1376 antiquitatis
1320 1333 1556 1362 consensus

370 1420 492 1455 recte
522 1413 777 1471 opponitur.

935 1507 1006 1547 XI.

432 1628 568 1671 Plaut.
598 1628 750 1670 Bacch.
782 1632 812 1670 Ι.
851 1643 884 1669 1.
918 1626 986 1685 75.
1018 1641 1116 1686 pro:

372 1750 389 1770 »
400 1736 560 1782 Sequere
566 1735 637 1770 hae
645 1735 760 1782 igitur
766 1746 824 1770 me
831 1735 930 1770 intro
936 1734 975 1769 in
980 1734 1130 1780 lectum,
1142 1732 1292 1769 utsedes
1300 1730 1583 1768 lassitudinem.’'

374 1842 520 1901 legere
541 1841 688 1885 velim:

370 1936 561 1983 »Sequere
577 1936 648 1971 hae
663 1935 778 1982 igitur
793 1946 854 1970 me
870 1935 967 1971 intro
978 1934 1094 1971 lotum
1106 1938 1149 1970 ut
1159 1933 1261 1970 sedes
1273 1933 1557 1970 lassitudinem?

922 2047 1012 2088 XII.

434 2172 557 2214 Dicta
571 2167 874 2213 Anacharsidis
887 2167 1068 2226 Scythae
1091 2182 1204 2225 quae
1218 2166 1421 2210 feruntur
1435 2166 1556 2224 quod

376 2264 430 2308 ad
467 2267 618 2306 vinum
651 2272 695 2305 et
731 2262 1030 2305 temulentiam
1063 2275 1145 2319 pro
1179 2275 1268 2302 non
1296 2274 1396 2303 vere
1423 2259 1479 2302 ab
1502 2274 1555 2302 eo

378 2357 602 2418 profectis,
634 2357 785 2401 haberi
814 2364 1008 2415 possunt.
