1745 2981
747 201 773 241 5

166 352 231 394 dit
242 349 424 408 quidem
438 349 741 408 Wesselingius
765 350 881 393 istud
899 348 1262 405 ἀποδεξάμενος,
1286 351 1344 392 ita

163 452 213 485 ut
237 443 370 486 dioet:
418 442 709 485 »Anacharsin
733 445 779 485 in
807 446 986 487 Graecia
1006 444 1131 503 plura
1151 443 1323 502 pruden

163 540 219 580 tis
248 539 332 580 viri
363 546 616 596 argumenta
650 546 693 581 et
719 553 864 581 rerum
892 541 1167 582 inventarum
1191 546 1344 582 osten-

163 639 275 673 tasse
285 629 321 671 :”
370 630 444 672 sed
493 639 586 673 tum
630 632 875 691 exemplum
913 633 1034 689 quod
1066 648 1119 675 ex
1154 632 1343 674 Platonis

162 723 410 782 Hipparcho
443 739 486 783 p.
512 724 609 767 228.
632 728 676 767 B.
708 725 852 767 attulit
873 724 1010 783 (καλαὶ
1036 726 1148 785 ἔργα
1167 729 1343 781 σοφίας

163 817 453 879 ἀπεδείξατο)
477 828 572 864 tum
605 823 771 874 omnia,
799 835 915 878 quae
950 820 1094 879 colligi
1131 828 1315 880 possunt
1330 850 1343 873 ,

165 915 411 958 Herodotea
439 914 635 973 exempla
665 914 966 956 demonstrant
996 917 1172 956 nonnisi
1202 914 1258 956 de
1282 913 1344 955 fa-

166 1011 246 1050 ctis
274 1017 317 1051 et
333 1008 541 1066 operibus
562 1006 743 1050 verbum
767 1006 871 1050 illud
891 1010 1114 1065 usurpari:
1145 1009 1344 1050 minime-

166 1117 252 1160 que
272 1100 577 1145 confundenda
596 1089 694 1144 cum
714 1100 796 1143 iuis
813 1109 878 1144 est
894 1102 1117 1144 tritissima
1134 1100 1345 1159 loquendi

166 1194 307 1238 forma
328 1195 517 1254 γνώμην
540 1192 876 1246 ἀποδέξασθαι.
926 1195 1024 1248 Qua
1044 1203 1227 1254 propter
1249 1208 1346 1236 cor-

166 1290 394 1347 rigendum
419 1304 510 1331 esse
531 1292 729 1347 suspicor
753 1288 1095 1344 ἐπιδεξάμενοςε
1120 1289 1207 1330 hoc
1226 1291 1345 1331 enim

164 1381 346 1423 verbum
371 1381 426 1423 de
452 1396 569 1423 mera
599 1384 890 1424 ostentatione
912 1382 1089 1434 dicitur3
1121 1381 1226 1424 illud
1251 1384 1346 1423 sine

164 1484 343 1517 eventus
377 1483 451 1517 aut
491 1473 672 1517 effectus
708 1476 969 1532 cogitatione
997 1474 1085 1518 dici
1106 1490 1195 1518 non
1220 1475 1342 1518 solet.

163 1571 403 1612 Permutat-i
418 1576 564 1612 autem
588 1570 667 1611 ista
688 1570 733 1611 in
754 1567 982 1612 codicibus
1000 1570 1116 1612 inter
1135 1583 1200 1624 se,
1218 1584 1346 1629 argu·

164 1673 313 1707 mento
347 1672 412 1707 est
443 1666 624 1706 varietas
651 1665 696 1704 in
719 1662 792 1705 lib.
812 1665 899 1705 VII.
922 1662 1006 1705 223
1028 1662 1103 1706 fin.
1136 1663 1215 1705 ubi
1237 1663 1342 1706 olim

165 1759 377 1802 edebatur
409 1755 736 1802 ἀπεδείκνυντο
770 1758 925 1815 ῥώμης
952 1757 1063 1802 ὅσον
1091 1756 1226 1814 εἶχον
1255 1761 1344 1814 με’-

166 1866 349 1912 γιστον,
386 1867 504 1895 nunc
527 1867 580 1895 ex
601 1851 743 1894 tribus
765 1850 988 1894 codicibus
1009 1849 1337 1896 ἐπεδείκνυντο.

164 1948 357 1991 Alterum
378 1949 416 1989 si
438 1946 660 1999 voluisset,
683 1945 879 1988 dixisset:
910 1946 1066 2004 ῥώμης
1094 1946 1218 2005 ἔργα.

216 2044 338 2097 Quae
382 2043 453 2084 isti
494 2041 731 2083 narrationi
768 2039 1061 2082 subiiciuntur
1097 2039 1152 2082 de
1184 2053 1344 2097 genere

165 2134 488 2188 Anacharsidis,
519 2149 570 2177 ea
599 2133 682 2176 levi
710 2134 815 2175 vitio
843 2132 1040 2175 laborare
1067 2133 1175 2175 mihi
1196 2134 1343 2177 viden·

169 2240 255 2273 tur.
316 2232 435 2273 Sicut
455 2230 570 2272 enim
590 2242 709 2270 nunc
731 2229 812 2269 ista
831 2226 1062 2285 leguntur,
1093 2228 1156 2277 ὡς
1186 2226 1228 2272 δ’
1256 2229 1347 2287 ἐγὼ

166 2327 340 2378 ἤκουσα
363 2326 542 2380 Τιζανεω
556 2327 637 2367 τοῦ
655 2320 969 2380 Ἀριαπείθεος
983 2321 1249 2379 ἐπιτρόπου,
1263 2322 1349 2366 hoc
