1745 2981
813 231 842 271 9

242 379 354 421 sicut
381 377 515 421 semel
550 375 666 437 apud
700 377 968 421 Athenaeum
1002 380 1046 420 in
1080 380 1176 419 Var.
1205 379 1322 419 Lect.
1347 377 1416 417 lV.

203 495 209 501 -
240 486 282 531 p.
306 471 388 516 163
398 475 448 525 F,
463 471 607 532 decipi
630 486 675 515 se
698 486 846 533 passus
869 481 933 516 est
955 474 1126 515 Vossius
1146 470 1246 514 hist.
1267 472 1418 513 Graec.

242 585 282 627 p.
313 570 423 622 414,
460 568 580 626 quod
627 572 791 612 notavit
832 573 916 612 iam
957 570 1174 613 Fabricius
1214 566 1419 611 Biblioth.

241 665 391 707 Graec.
424 667 455 706 I.
487 678 529 723 p.
551 664 658 723 827:
697 678 777 708 nec
810 666 941 707 mirer
966 666 1003 706 si
1032 678 1146 706 unus
1170 678 1194 706 e
1220 661 1419 721 pluribus

240 759 425 800 Socratis
447 756 725 816 homonymis
739 757 857 818 apud
873 759 1113 816 Diogenem
1129 759 1350 800 Laertium
1368 758 1418 797 II.

241 853 320 908 47,
361 866 414 895 ex
449 852 518 895 illa
557 855 784 895 nominum
822 854 1143 911 permutatione
1187 860 1311 894 ortus
1351 853 1419 893 sit.

242 948 369 989 Hunc
385 954 532 989 autem
549 949 805 991 Sosicratem
823 961 954 1000 nemo
973 946 1177 990 indicavit
1194 945 1274 988 ubi
1293 952 1421 988 natus

243 1048 372 1093 esset,
403 1048 479 1084 aut
505 1042 581 1099 qui
611 1039 783 1084 fuisset:
814 1040 1020 1084 credibile
1052 1049 1116 1083 est
1144 1039 1277 1083 fuisse
1308 1042 1422 1099 peri-

245 1135 500 1191 pateticum,
531 1142 606 1176 aut
632 1143 749 1177 certe
770 1149 824 1178 ex
843 1134 918 1176 illo
940 1147 1099 1192 genere
1119 1133 1351 1176 hominum
1376 1135 1421 1174 in

241 1229 361 1270 omni
372 1226 553 1271 historia
567 1228 860 1271 curiosorum:
883 1235 1156 1284 temereque,
1172 1234 1302 1286 puto,
1320 1241 1422 1270 con-

241 1318 499 1362 funderetur
532 1334 633 1362 cum
666 1322 878 1363 Sosicrate
913 1319 1091 1363 rhetore
1120 1329 1196 1363 aut
1225 1329 1420 1374 oratore,

241 1412 296 1456 de
319 1427 410 1471 quo
429 1411 716 1456 Ruhnkenius
737 1413 792 1456 ad
810 1413 941 1456 Rutil.
962 1417 1071 1473 Lup.
1085 1429 1127 1473 p.
1143 1414 1211 1457 32.
1273 1417 1420 1459 Nostri

238 1509 460 1550 Sosicratis
487 1507 546 1551 τά
576 1507 791 1566 κρητικοὶ,
820 1515 993 1567 praeter
1021 1507 1290 1553 Athenaeum
1316 1512 1418 1555 citat

240 1604 368 1644 etiam
390 1600 541 1644 Suidas
559 1615 652 1644 voc.
675 1600 864 1646 Δούλων
885 1602 1032 1653 πόλις.

297 1696 443 1737 Minus
492 1696 621 1737 etiam
668 1696 869 1751 cognitus
908 1704 973 1737 est
1016 1695 1265 1738 Theoxenus
1278 1712 1291 1737 .·
1336 1711 1419 1740 nec

238 1796 410 1848 praeter
439 1790 678 1831 Lucianum
709 1788 793 1846 (1),
831 1790 911 1846 qui
934 1803 1035 1831 eum
1060 1793 1334 1848 ἱστοροῦντα
1361 1790 1418 1834 de

239 1863 529 1926 Anacharside
549 1892 862 1927 commemorat
875 1886 920 1926 in
934 1883 1091 1942 Scytha
1104 1899 1197 1945 cap.
1211 1885 1238 1928 8
1250 1888 1296 1929 in
1308 1885 1415 1942 fine,

234 1992 502 2037 quemquam
536 1977 669 2022 alium
708 1980 966 2039 scriptorem
1005 1982 1201 2024 nominat
1240 1984 1415 2026 Jonsius

269 2240 325 2288 (1)
349 2238 465 2275 Verba
493 2234 648 2272 Luciani
667 2235 780 2270 haec:
811 2234 949 2279 ἐμυήθη
970 2236 1078 2279 μόνος
1098 2235 1282 2282 βαρβάρων
1306 2238 1411 2283 δημο·

348 2309 496 2349 mimos
530 2304 737 2351 γενόμενος,
762 2305 797 2336 εἰ
818 2301 886 2348 χρή
909 2303 1067 2350 Θεοξσνῷ
1088 2306 1292 2345 πιστεύειν,
1319 2316 1416 2354 quae

351 2377 474 2407 tamen
494 2370 583 2406 fides
600 2368 768 2406 habenda
789 2368 834 2404 sit
854 2368 1012 2405 Luciano
1032 2367 1210 2405 novimus.
