1745 2981
929 217 1015 289 *16

395 391 517 451 ὕδωρ
534 395 703 450 οἴσεις,
733 409 871 453 eaque
888 394 1146 454 significatio
1169 394 1394 455 probanda
1418 406 1502 452 est,
1528 399 1572 440 in

395 489 758 549 praecedentibus
795 492 992 550 suspicor
1030 489 1117 534 hoc
1145 490 1331 535 voluisse
1358 491 1576 536 Anachar-

395 584 552 641 sidem,
593 586 676 632 ἐάν
703 589 811 638 νέος
835 588 903 632 ὤν
927 584 1060 633 οἶνον
1084 586 1254 646 ροφῇςε
1290 589 1336 630 in
1360 602 1448 647 qua
1470 601 1574 630 con-

396 682 561 723 iectura
584 680 671 723 hoc
692 683 825 735 inest,
847 690 898 724 ut
914 690 1008 724 tum
1028 681 1238 725 articulus
1259 682 1364 737 τὸν,
1384 691 1480 725 tum
1501 696 1576 726 ne-

395 778 513 835 gatio
540 776 597 821 ov'
621 774 869 830 abiiciatur‚
900 775 1084 819 verbum
1103 784 1249 819 autem
1274 778 1417 835 ipsum
1439 784 1576 820 trans-

395 873 613 931 positione
643 879 851 915 mutetur.

456 966 613 1009 Similis
649 965 895 1010 observatio
931 968 1171 1009 sententiae
1212 974 1328 1009 certe
1364 965 1574 1010 obscurae

398 1061 510 1104 valet
539 1063 585 1102 in
613 1060 696 1103 alio
718 1059 837 1102 dicto
862 1060 979 1118 apud
1000 1062 1239 1117 Diogenem
1260 1062 1284 1115 s
1310 1062 1393 1110 104
1415 1062 1461 1101 in
1484 1059 1573 1102 fine

398 1154 641 1214 ἐρωτηθεὶς
682 1154 880 1212 πότεροι·
903 1152 1083 1204 πλείους
1118 1152 1264 1207 εἰσιν,
1294 1158 1346 1198 οἱ
1379 1155 1570 1207 ζῶντες,

395 1251 423 1303 ἦ
439 1254 491 1293 οἱ
504 1249 656 1307 νεκροὶ
667 1265 691 1301 ,·
721 1248 808 1304 ἔφη
836 1247 943 1298 τοὺς
965 1240 1050 1293 οὖν
1069 1247 1293 1299 πλεόντας
1310 1253 1395 1293 ποῦ
1415 1250 1564 1304 τίθης.

396 1346 640 1386 Posteriora
664 1344 797 1386 verba
821 1343 929 1393 τοὺς
961 1336 1047 1388 οὖν
1079 1344 1305 1394 πλέοντας
1332 1343 1472 1387 fateor
1502 1360 1571 1387 me

396 1437 575 1497 quidem
620 1452 710 1480 non
750 1436 1003 1496 intelligere.
1062 1436 1342 1481 casaubonus
1376 1446 1573 1482 annotat:

396 1530 654 1589 »Eleganter
680 1529 852 1573 dubitat
879 1532 994 1572 inter
1023 1539 1220 1573 mortuos
1242 1545 1297 1573 an
1317 1532 1434 1573 inter
1454 1533 1575 1574 vivos

397 1628 484 1670 sint
524 1624 719 1685 ponendi
761 1627 792 1667 ii
824 1626 902 1682 qui
939 1626 1162 1683 navigant,
1195 1640 1296 1668 nam
1325 1634 1373 1668 ut
1406 1629 1452 1668 in
1488 1627 1573 1669 alio

396 1719 540 1773 dicto,
571 1733 710 1777 quum
747 1717 967 1760 didicisset
998 1725 1188 1775 quatuor
1219 1717 1457 1777 digitorum
1484 1733 1577 1763 esse

398 1818 517 1859 navis
546 1814 897 1867 crassitudinem,
928 1816 1012 1856 iam
1039 1813 1205 1857 dixerat
1236 1814 1373 1869 idem,
1403 1824 1572 1858 tantum

399 1912 460 1955 illi
476 1911 745 1969 (navigantes
762 1908 941 1967 scilicet)
960 1924 986 1952 a
1005 1917 1146 1951 morte
1168 1907 1328 1952 absunt
1346 1910 1459 1955 ὅσον
1477 1911 1575 1954 ἐστι

398 2009 452 2053 τὸ
489 2007 645 2063 πάχος
670 2011 753 2060 τῆς
785 2002 940 2054 νεώς.”
1004 2006 1057 2045 At
1085 2002 1191 2060 quid
1220 2005 1316 2046 istic
1342 2003 1427 2047 loci
1453 2007 1578 2047 navi-

395 2111 548 2161 gantes
579 2099 772 2143 faciunt?
830 2100 873 2141 Si
908 2097 975 2140 vel
1002 2099 1230 2151 sumimus,
1259 2098 1379 2155 quod
1405 2113 1577 2142 sumere

399 2213 490 2241 non
513 2196 638 2240 facile
655 2198 858 2254 cuiquam
877 2197 921 2237 in
946 2203 1136 2238 mentem
1151 2198 1314 2251 veniet,
1337 2196 1582 2241 Anacharsi-

401 2293 500 2337 dem
517 2291 659 2335 eidem
673 2290 789 2345 huic,
799 2292 876 2349 qui
885 2304 1004 2333 nunc
1015 2288 1194 2348 rogabat
1208 2293 1386 2350 πότεροι
1401 2291 1578 2343 πλείους

403 2387 525 2432 εἰσιν
552 2391 603 2430 οἱ
622 2388 815 2440 ζῶντες,
845 2388 873 2438 ἤ
899 2391 951 2430 οἱ
972 2386 1141 2443 νεκροί,
1168 2387 1252 2429 iam
1277 2395 1401 2430 antea
1418 2386 1575 2431 dixisse
