1745 2981
893 226 922 267 6

320 374 422 419 dicit
444 375 707 428 Herodotus,
738 392 784 418 se
805 375 1014 419 audc’vclrse
1036 393 1066 419 a
1088 387 1221 420 tutore
1244 378 1498 435 An'ape‘tkclr.

320 469 401 513 Sed
437 472 625 528 primum
665 485 882 529 nusquam
919 472 1134 514 eiusmodi
1177 474 1239 515 rei
1278 480 1502 514 auctorem

321 564 578 605 nominatim
601 572 812 606 memorat
835 563 909 621 (cf.
926 579 1018 623 cap.
1039 566 1089 615 14
1104 573 1148 607 et
1162 580 1216 623 77
1233 567 1328 607 init.
1341 564 1413 607 lib.
1427 564 1504 621 IV)

321 659 501 714 deinde,
531 675 622 702 non
652 670 772 704 certo
806 670 850 704 et
878 661 1104 720 designato
1136 670 1317 704 auctore
1348 676 1399 704 ea
1435 674 1506 703 res

323 752 564 812 indigebat,
596 769 709 813 quae
731 757 826 798 sine
845 755 1003 810 dubio,
1033 757 1117 798 nisi
1135 755 1367 808 omnibus,
1390 764 1507 798 certe

322 848 551 907 permultis
567 863 645 908 per
665 848 863 907 Scythiae
884 864 1000 904 oras,
1023 864 1134 908 quas
1158 849 1354 892 lustravit
1374 852 1507 892 Hero·

327 942 481 996 dotus,
499 945 671 1001 cognita
685 942 787 985 fuit:
809 952 901 986 tum
924 942 1115 985 dubitari
1134 952 1278 1002 potest
1296 957 1350 986 an
1374 945 1434 986 ita
1453 942 1506 985 ad

329 1040 491 1094 regiam
523 1037 779 1094 Scytharum
813 1037 1016 1088 familiam
1051 1046 1280 1095 penetrare
1314 1021 1508 1096 potuerit

325 1126 593 1184 Herodotus,
622 1139 673 1173 ut
709 1130 896 1189 aliquam
930 1145 1029 1175 cum
1064 1133 1172 1190 regii
1205 1134 1333 1191 pueri
1361 1139 1508 1174 tutore

326 1225 689 1268 consuetudinem
712 1224 911 1268 haberet:
934 1234 1157 1285 postremo
1181 1234 1378 1285 pugnant
1400 1239 1510 1284 quo·

327 1320 564 1363 dammodo
598 1329 848 1378 temporum
886 1322 1087 1363 rationes.
1148 1322 1280 1374 Nam,
1311 1323 1348 1362 si
1375 1323 1511 1362 Hero-

329 1415 460 1458 dotus
497 1430 546 1458 ea
583 1413 716 1457 refert
751 1428 863 1472 quae
898 1413 1043 1471 Scylae
1072 1413 1324 1457 acciderunt
1364 1414 1512 1472 (quam

331 1508 407 1550 diu
442 1517 543 1550 ante
578 1522 646 1560 se,
691 1522 810 1550 nunc
863 1506 1038 1550 definiri
1074 1513 1163 1550 n'on
1199 1510 1362 1567 potest)
1401 1517 1445 1551 et
1478 1511 1514 1551 si

334 1604 476 1662 Scyles
495 1603 584 1646 ,fnit
610 1603 845 1662 Ariapithis
875 1602 1008 1656 filius,
1041 1606 1119 1660 qui
1139 1584 1231 1662 ipse
1256 1613 1357 1645 ante
1377 1603 1516 1646 filium

336 1712 520 1757 reguum
549 1699 712 1752 tenuit,
743 1699 874 1739 nimis
905 1704 1073 1760 remota
1100 1698 1154 1739 sit
1183 1705 1356 1757 oportet
1387 1696 1520 1740 huius

339 1792 574 1852 Atiapithis
600 1801 716 1835 aetas
744 1791 920 1851 puerilis
942 1806 967 1834 a
997 1792 1269 1850 temporibus
1292 1792 1523 1846 Herodoti,

339 1903 473 1945 quam
508 1895 559 1930 ut
596 1886 670 1929 hic
708 1885 950 1944 quidquam
989 1901 1043 1928 ex
1073 1887 1166 1928 eius
1191 1894 1338 1928 tutore
1372 1885 1522 1928 audire

340 1982 547 2040 potuerit.
607 1983 696 2022 Hae
728 1981 918 2021 rationes
951 1978 1060 2020 mihi
1092 1986 1400 2038 persuaserunt
1436 1993 1526 2021 me·

342 2077 427 2119 lius
458 2091 511 2119 ex
537 2090 628 2118 uno
652 2074 802 2118 codice
825 2073 908 2131 legi
938 2073 1180 2132 ἐπίτροπον
1202 2070 1330 2118 εἶναι
1356 2073 1525 2127 αὐτὸν,

346 2170 654 2230 Ἰδανθύρσου
693 2186 734 2214 κ.
765 2188 805 2214 τ.
839 2169 877 2213 λ.
939 2168 1069 2223 Quod
1107 2171 1144 2211 si
1177 2167 1406 2227 probatur,
1441 2167 1524 2211 fuit

342 2268 598 2313 Anacharsis
634 2268 811 2310 Timnae
857 2264 1091 2325 Ariapithis
1135 2263 1213 2306 filii
1249 2272 1387 2323 tutor:
1424 2279 1524 2308 nam

342 2363 553 2422 Ariapithi
573 2361 827 2419 Scytharum
848 2362 950 2417 regi,
968 2368 1140 2418 praeter
1156 2358 1320 2416 Scylam
1335 2367 1377 2401 et
1395 2361 1523 2402 Octa-
