1745 2981
786 218 839 263 17

226 368 472 426 navigantes
494 375 661 411 tantum
683 382 709 410 a
733 376 873 411 morte
893 368 1064 422 abesse,
1094 378 1255 426 quanta
1278 371 1398 412 navis

225 464 280 504 sit
318 460 580 515 crassitudo,
613 460 722 519 quid
757 477 917 519 quaeso
951 465 997 506 in
1032 462 1115 507 hac
1145 465 1400 521 quaestione

225 557 474 613 navigantes
497 555 552 598 ad
577 554 839 600 rhombum?
882 560 931 600 In
954 556 1255 601 Anacharsidis
1273 557 1401 601 dictis

226 662 399 707 semper
433 647 759 706 quodammodo
794 663 886 691 rem
919 664 1001 693 acu
1024 653 1142 709 tangi
1170 653 1399 704 sentimus,

229 742 304 786 sed
328 745 524 802 responsi
545 742 653 793 τοὺς
677 735 763 788 οὖν
781 743 1010 793 πλέοντας
1031 748 1116 788 ποῦ
1142 746 1282 798 τίθης
1302 760 1402 787 acu-

229 852 330 881 men
359 846 592 896 antequam
615 840 901 898 perspexeris,
932 840 1014 881 nisi
1043 838 1261 882 saeculum
1285 847 1403 883 certe

229 947 369 975 annus
414 934 508 974 erit.
567 934 709 975 Sensit
746 931 854 975 haec
896 934 989 991 ipse
1025 933 1091 974 vir
1123 934 1321 990 egregius
1354 940 1404 975 ut

229 1027 329 1068 satis
351 1023 542 1083 probant
564 1039 677 1081 quae
699 1033 965 1081 sequuntur:
1007 1024 1143 1066 „Mihi
1165 1033 1311 1067 tamen
1333 1024 1409 1067 ali-

229 1117 405 1176 quando
441 1118 560 1160 venit
594 1119 639 1160 in
674 1116 866 1161 mentem
899 1117 984 1175 legi
1023 1132 1149 1177 posse
1172 1118 1407 1173 πλείονας,

229 1225 362 1269 quam
381 1210 612 1253 lectionem
632 1211 670 1251 si
689 1212 788 1267 quis
808 1209 1080 1269 probaverit,
1106 1210 1287 1253 habebit
1308 1225 1407 1253 sen-

229 1321 327 1348 sum
348 1320 438 1347 non
457 1304 602 1363 paullo
624 1306 931 1346 venustiorem.
982 1306 1092 1347 Nam
1110 1320 1250 1361 quum
1271 1308 1404 1348 Grae-

231 1403 292 1444 cis
313 1406 365 1445 οἱ
383 1400 580 1450 πλείονες
594 1401 680 1442 sint
696 1400 876 1453 mortui,
890 1399 968 1456 qui
987 1400 1132 1457 potuit
1152 1401 1407 1442 concinnius

231 1494 484 1553 responderi
497 1493 799 1549 interroganti,
812 1493 901 1533 utri
915 1490 1060 1549 plures
1074 1499 1230 1544 essent,
1245 1495 1407 1534 mortui
1462 1469 1465 1470 γ

229 1603 285 1632 an
307 1586 420 1631 vivi?
451 1595 496 1630 et
517 1586 661 1644 lapsus
680 1584 815 1629 facilis
836 1584 921 1627 fuit
936 1593 986 1627 ut
1005 1599 1058 1628 ex
1079 1585 1294 1637 πλείονας
1313 1585 1405 1629 effi-

234 1689 382 1725 cerent
423 1680 662 1730 πλέονταςε
707 1678 818 1721 adde
863 1678 986 1736 quod
1029 1682 1171 1737 potuit
1212 1682 1408 1738 ignorata

232 1775 339 1818 haec
375 1776 498 1817 istius
532 1775 651 1816 vocis
682 1771 940 1830 significatio
968 1772 1066 1815 loco
1087 1775 1409 1833 corrumpendo

233 1869 377 1912 fuisse.
421 1870 491 1911 Sic
514 1875 659 1911 autem
683 1880 810 1925 saepe
829 1865 1008 1908 Graeci''
1027 1875 1108 1909 etc.
1155 1870 1409 1926 Sequuntur

232 1965 315 2007 loci
345 1963 507 2020 quibus
537 1960 728 2004 ostendit
761 1960 975 2012 πλείονας
998 1961 1215 2005 interdum
1251 1966 1408 2006 eximie

232 2060 318 2103 dici
336 2058 391 2102 de
414 2058 609 2100 mortuis.
670 2059 771 2099 Esto
787 2088 801 2107 ,
825 2070 907 2114 pro
926 2055 1150 2106 πλέοντας
1172 2057 1407 2101 substitua-

233 2168 330 2196 mus
347 2151 559 2201 πλείονας
565 2167 582 2202 ,·
602 2149 677 2192 sed
702 2151 801 2208 quis
823 2158 930 2192 tunc
948 2152 1032 2192 erit
1055 2165 1206 2192 sensus
1225 2150 1295 2193 ille
1316 2166 1406 2193 non

231 2248 376 2308 paullo
420 2246 671 2290 venustior?
737 2246 974 2300 Quaeritur
1023 2260 1075 2288 ex
1118 2245 1407 2290 Anacharside

231 2345 317 2386 utri
367 2344 451 2385 sint
499 2341 671 2400 plures,
717 2342 798 2383 vivi
842 2356 895 2383 an
946 2342 1124 2383 mortui:
1173 2341 1406 2400 respondet

1206 2452 1228 2476 2
