1745 2981
920 243 978 286 24

369 391 577 435 charsidis
620 391 739 434 dicto
774 390 893 434 nulla
929 390 1181 433 huiusmodi
1215 392 1428 433 sententia
1463 398 1540 433 est.

369 485 741 546 simplicissimum
774 484 883 527 mihi
912 500 1005 529 esse
1027 484 1219 540 videtur,
1248 494 1297 528 ut
1321 485 1407 528 hoc
1427 483 1545 527 dixe-

369 583 425 631 rit
443 579 718 635 Plutarchus,
747 579 969 639 sophistas
987 579 1082 623 illos
1099 579 1205 623 dum
1228 578 1369 623 chrias
1392 588 1435 623 et
1456 578 1545 623 his-

367 676 499 717 torias
532 673 763 731 colligunt,
794 682 1018 733 repetunt,
1050 676 1109 717 ita
1138 675 1386 717 orationum
1418 675 1542 731 quasi

367 768 601 826 quemdam
624 783 878 822 numerum,
909 770 1270 828 magnitudinem,
1296 785 1544 814 mensuram

370 861 571 920 explere,
603 876 741 919 eaque
769 864 829 905 ita
849 865 1140 921 pronunciare
1163 872 1242 906 -aut
1263 863 1408 918 edere,
1439 873 1545 907 tam-

369 970 503 1013 quam
539 954 625 998 hoc
662 970 800 997 unum
834 964 1138 1012 quaereretur,
1181 955 1257 999 sed
1294 970 1394 999 cum
1427 957 1544 1000 nulla

370 1051 558 1092 cuiusvis
592 1049 787 1092 utilitate.

427 1143 550 1197 Quae
584 1144 627 1185 in
661 1143 746 1186 vita
778 1141 948 1185 Solonis
985 1158 1027 1202 p.
1060 1143 1116 1187 80
1147 1145 1193 1186 in
1222 1142 1312 1187 fine
1341 1143 1545 1203 leguntur

369 1239 526 1278 merito
567 1250 667 1277 cum
710 1237 904 1292 Diogene
938 1237 1111 1278 Laertio
1149 1236 1428 1279 contulerunt
1462 1238 1544 1279 viri

367 1330 509 1382 docti,
541 1330 664 1371 cuius
683 1328 829 1370 locum
852 1329 877 1383 §
904 1343 948 1369 11
975 1328 1205 1386 exploravi.
1263 1332 1416 1386 Itaque
1437 1328 1544 1372 haec

370 1421 623 1466 Plutarchea
638 1423 681 1464 in
703 1421 872 1465 Solonis
890 1421 945 1466 ad
962 1422 1297 1466 Anacharsidem
1317 1438 1543 1483 responso:

368 1521 494 1562 οἴκοι
539 1517 733 1573 βέλτιόν
772 1517 871 1560 ἐστι
907 1520 1147 1561 ποιεῖσθαι
1183 1517 1347 1572 φιλίας
1386 1516 1546 1560 confir-

372 1621 492 1656 mant
536 1621 586 1655 ut
628 1620 737 1670 puto
786 1626 924 1654 meam
967 1614 1012 1653 in
1062 1614 1256 1669 Diogene
1309 1616 1548 1655 correctio-

372 1720 485 1749 nem.
546 1706 696 1749 Statim
727 1712 973 1762 sequuntur
993 1703 1117 1748 haec:
1148 1706 1263 1750 οὕτω
1285 1703 1342 1759 δὴ
1362 1707 1548 1763 θαυμά-

374 1814 527 1845 σαντα
548 1800 633 1851 τὴν
654 1796 917 1856 ἀγχίνοιαν
939 1801 1019 1842 τοῦ
1041 1796 1214 1857 ἀνδρὸς
1239 1798 1322 1844 τὸν
1345 1799 1545 1846 Σόλωνα

373 1893 608 1947 δέξασθαι
640 1892 932 1950 φιλοφρόνως
960 1892 1044 1936 καὶ
1072 1893 1251 1951 χρόνον
1277 1892 1387 1938 τινα
1416 1894 1546 1950 ἔχειν

375 1987 469 2047 παῤ
486 1987 631 2046 αὐτῷ,
662 1984 747 2040 ἤδη
765 1985 826 2030 τά
847 1983 1050 2042 δημόσια
1070 1985 1315 2044 πράττοντι
1335 1987 1421 2031 καὶ
1443 2002 1547 2033 συν-

375 2083 643 2139 ταττομένῳ
673 2080 781 2131 τοὺς
807 2081 995 2136 νόμους.
1059 2080 1157 2123 Non
1193 2077 1292 2122 dico
1327 2093 1445 2123 nunc
1477 2094 1551 2139 ap-

377 2178 464 2220 tius
483 2174 591 2218 mihi
612 2173 765 2229 videri,
796 2175 831 2217 si
849 2172 1063 2231 legeretur
1086 2172 1348 2232 πράττοντα
1378 2182 1422 2216 et
1446 2189 1550 2219 συν-

376 2273 662 2328 ταττόμενον
678 2301 691 2323 ,
737 2269 952 2327 siquidem
995 2268 1103 2312 haec
1142 2269 1367 2327 participia
1404 2270 1550 2327 potius

378 2365 601 2409 referenda
634 2373 735 2408 sunt
772 2364 826 2407 ad
856 2362 1083 2406 indicanda
1103 2370 1316 2421 tempora,
1346 2376 1477 2419 quam
1497 2360 1550 2404 ad
