1745 2981
908 246 965 289 22

351 410 439 454 que
460 397 524 439 rei
546 398 737 456 pretium
760 398 820 439 ita
836 398 968 439 certis
986 408 1269 439 numerorum
1288 394 1529 438 rationibm

354 492 475 532 cerni
514 491 829 547 enunciarique
863 497 1032 548 posset:
1076 490 1151 533 sed
1193 488 1315 548 apud
1355 488 1533 547 Scythas

355 586 437 627 ista
469 598 539 626 res
563 585 784 642 incognita
806 582 940 625 fuisse
960 581 1154 636 videtur,
1181 582 1372 640 indeque
1393 580 1535 640 lepida

356 677 428 721 issa
458 676 759 721 Anacharsidis
788 675 1046 720 observatio.

410 770 546 825 Quod
570 770 624 812 ad
649 770 818 828 reliqua
836 768 1055 813 Piutarchi
1070 784 1207 828 supra
1221 771 1420 829 apposita
1442 772 1538 812 atti-

358 872 456 916 net,
491 878 650 922 operae
675 866 863 922 pretium
891 872 959 906 est
987 879 1037 906 ea
1059 866 1151 922 ipsa
1177 863 1402 921 explomre
1424 878 1539 920 quae

360 970 461 999 cum
478 955 552 998 illo
574 955 874 999 Anacharsidis
883 956 1005 999 dicto
1028 955 1327 999 conferuntur.
1366 956 1541 1015 Sophis-

361 1061 453 1106 tae‚
485 1054 650 1110 inquit,
680 1051 1051 1109 quemadmodum
1072 1051 1329 1095 Anacharsis
1349 1051 1543 1105 dicebat,

362 1147 552 1187 Graecos
587 1147 781 1186 nummis
814 1144 869 1187 ad
906 1144 1070 1187 nullam
1099 1144 1226 1188 aliam
1257 1159 1350 1187 rem
1373 1146 1438 1187 uti
1454 1147 1543 1187 nisi

364 1238 480 1295 πρὸς
508 1238 561 1280 τὸ
578 1236 817 1294 ἀριθμεῖν,
848 1239 907 1279 ita
927 1239 1011 1295 ipsi
1031 1237 1138 1287 τοὺς
1158 1237 1323 1295 λόγους
1351 1253 1545 1295 παραρι-

363 1334 543 1388 θμοῦσι
570 1330 657 1375 καὶ
684 1334 1043 1390 παραμετροῦσι,
1074 1329 1326 1388 nullamque
1344 1329 1469 1376 aliam
1481 1329 1544 1374 ab

364 1426 417 1466 iis
448 1424 677 1466 utilitatem
708 1426 970 1482 percipiunt.

424 1520 548 1571 Quae
583 1517 716 1559 verba
754 1516 1114 1574 wyttenbachius
1153 1519 1199 1558 in
1239 1517 1463 1559 AnimadV.
1492 1517 1548 1560 ad

370 1610 491 1652 hunc
508 1608 654 1652 locum
673 1611 731 1651 ita
748 1611 1080 1667 interpretatur,
1097 1616 1145 1650 ut
1160 1607 1275 1652 dicat
1294 1607 1548 1651 Plutarchus

372 1718 447 1746 eos
482 1702 799 1762 componendis
831 1702 963 1745 chriis
993 1709 1036 1745 et
1067 1701 1256 1744 historiis
1289 1702 1550 1747 rhetoricam

371 1798 530 1841 docere
553 1806 597 1840 et
619 1806 824 1855 questum
846 1796 1008 1851 facere,
1033 1800 1339 1856 μισθαρνεῖν,
1370 1813 1552 1857 χρημα-

373 1892 612 1946 τίζεσθαι,
648 1890 769 1948 quod
801 1890 993 1945 videtur,
1022 1894 1186 1949 inquit,
1220 1892 1462 1951 significare
1484 1894 1555 1937 illa

376 1985 512 2027 dictio
534 1988 853 2044 παραριθμεῖν
870 1985 978 2035 τοὺς
1006 1985 1195 2044 λόγουςε
1238 1985 1314 2029 sed
1327 1986 1557 2044 quomodo

378 2087 591 2136 congruat
624 2093 725 2121 cum
760 2078 1061 2123 Anacharsidis
1092 2079 1211 2122 dicto
1236 2083 1559 2139 ,παραριθμεῖν

378 2172 465 2216 καὶ
511 2179 821 2230 παραμετρεῖν
865 2172 974 2222 τοὺς
1018 2172 1186 2231 λόγους
1225 2187 1322 2216 non
1367 2184 1557 2232 apparet.

378 2269 490 2307 Tum
514 2265 633 2308 addit
654 2267 720 2308 vir
736 2279 935 2308 summus
959 2264 1139 2310 fortasse
1159 2281 1306 2310 veram
1327 2266 1558 2311 lectionem

383 2373 475 2401 esse
512 2359 617 2408 τοὺς
657 2358 823 2417 λόγους
857 2362 1261 2417 παραριθμοῦντος
1293 2361 1378 2406 καὶ
1411 2378 1562 2420 παρα-
