1745 2981
921 233 972 276 12

351 385 573 433 timaretur
605 393 783 437 evertere
816 382 962 441 (velle)
991 385 1138 441 patria
1177 384 1370 426 instituta
1383 416 1397 435 ,
1431 384 1531 428 ideo

348 478 472 537 quod
501 478 688 521 multum
711 480 979 530 Graecorum
999 478 1211 532 institutis
1234 476 1407 520 deditus
1426 485 1531 520 erat.

347 560 467 617 Idem
488 573 580 616 aliis
595 573 745 615 'verbis
764 575 1069 615 enunciaverat
1084 572 1300 630 Josephus
1315 573 1529 629 Antiquit.

345 669 459 722 sud„
477 672 601 712 cuius
618 668 751 712 verba
767 671 970 727 apposuit
984 664 1267 711 ‘Casaubonus
1279 667 1334 710 a'd
1352 681 1402 718 ea
1417 681 1530 724 quae

316 793 320 797 -
347 770 613 821 sequuntur,
644 760 721 805 sed
754 763 847 821 ipsa
876 758 1057 820 quoque
1085 760 1238 805 leviter
1262 760 1530 819 corrigenda.

347 858 478 912 Quod
516 859 633 906 enim
676 858 898 930 Diogenes
927 855 1094 900 dixerat
1124 856 1182 899 de
1215 856 1530 910 Anacharside,

348 953 620 1008 ἑλληνίζειν,
650 967 732 1011 pro
768 967 822 995 eo
848 951 1081 1029 Josephus,
1117 960 1166 994 ut
1196 965 1316 994 nunc
1352 951 1530 1010 legitur,

348 1049 517 1107 scripsit
549 1062 649 1090 eum
679 1044 959 1095 interfectum
983 1060 1076 1089 esse
1095 1046 1188 1090 ἐπεὶ
1214 1049 1307 1090 τῶν
1327 1045 1535 1099 Ἕλληνι-

348 1146 445 1186 κῶνι
482 1143 603 1185 θεῶν
636 1138 792 1192 ἔδοξεν
818 1142 944 1193 ἥκειν
982 1118 1227 1190 ἀνάπλεως.
1296 1134 1436 1197 Atqui
1453 1139 1531 1185 deo
1569 1135 1577 1160 Ψ
1608 1165 1610 1167 »

344 1214 521 1292 plenum
556 1250 648 1276 esse
680 1236 853 1277 Graeci
869 1233 1075 1276 dixerunt
1107 1249 1200 1276 non
1226 1233 1310 1276 dieze
1331 1233 1507 1290 plenam
1520 1249 1533 1274 .·

351 1337 445 1370 tum
467 1328 598 1386 longe
627 1326 845 1370 diversum
867 1326 984 1369 istud
1008 1325 1190 1372 haberet
1212 1328 1447 1389 sententia,
1460 1310 1533 1370 'aab
1587 1350 1591 1352 >

350 1437 405 1466 eo
425 1421 546 1480 quod
571 1436 691 1464 nunc
718 1404 976 1480 postulatur.
998 1464 1008 1472 ,
1036 1423 1268 1476 Levissima
1293 1420 1534 1464 litterarum
1580 1469 1584 1478 ‚
1644 1460 1647 1462 ,

351 1517 686 1575 transpositione
725 1514 960 1574 legendum
995 1523 1060 1558 est
1075 1515 1365 1569 ·Ἓλληνικῶν
1385 1507 1531 1561 ἐθῶν.

351 1617 496 1670 Atque
538 1614 622 1664 sic,
653 1625 791 1667 quum
834 1610 980 1652 locum
1023 1593 1070 1651 in
1113 1608 1311 1652 Hudsoni
1345 1598 1564 1653 editione!

353 1718 688 1763 quaereremus,
721 1702 1091 1762 deprehendimus
1126 1705 1171 1745 in
1205 1717 1255 1768 ea
1284 1718 1536 1763 expressum

356 1813 465 1852 esse,
496 1780 815 1857 perperamque
846 1799 969 1840 citari
991 1811 1014 1839 a
1037 1797 1295 1841 Casaubono
1318 1813 1371 1841 ex
1391 1801 1536 1857 Antiq.
1592 1837 1594 1839 ,

356 1892 454 1936 Jud.
478 1895 518 1935 Π
539 1907 680 1950 quum
704 1893 759 1934 sit
784 1899 938 1935 contra
957 1875 1172 1959 Apionem
1195 1895 1234 1934 ΙΙ
1256 1907 1348 1951 cap.
1373 1893 1446 1958 37.
1463 1891 1466 1893 ’
1485 1918 1502 1955 A·

420 1984 611 2035 Τελετοὲς
637 1984 878 2038 ἐλληνικάς
898 1984 1194 2035 διατελοῦντα
1208 2017 1221 2041 ,
1249 1986 1370 2044 quod
1394 1989 1538 2031 statim

358 2080 535 2123 subiicit
566 2066 801 2137 Diogenes,
832 2082 1092 2134 necessario,
1123 2080 1332 2141 suadente
1359 2064 1540 2138 quoque

358 2177 407 2216 H.
449 2172 688 2233 Stephano,
734 2172 991 2231 mutandum
1036 2181 1102 2216 est
1143 2175 1189 2216 in
1229 2150 1555 2237 suaromton,

361 2276 647 2328 prostantque
667 2245 1050 2311 huius'locutionis
1070 2268 1277 2329 exempla.

420 2363 722 2407 Anacharsidis
750 2371 877 2407 acute
904 2362 1019 2407 dicta
1042 2366 1239 2408 certatim
1267 2364 1544 2409 laudassevi-
