1745 2981
810 229 858 270 11

251 378 420 421 Solonis
442 390 718 436 responsum,
739 391 878 435 quum
900 375 1155 419 Anacharsis
1177 376 1217 416 ei
1236 375 1432 416 nuncias-

254 481 319 516 set
338 473 417 517 ὅτι
444 471 664 529 βούλοιτο
694 472 839 517 αὑτὸν
864 472 1161 524 θεάσασθαι,
1192 473 1327 522 ξένος
1356 486 1403 513 τε
1419 499 1431 522 ,

255 565 299 610 εἰ
315 562 421 610 οἷόν
441 581 515 620 τε,
537 565 780 624 γενέσθαι,
802 565 887 608 hoc
910 575 1177 609 memoratur
1191 580 1215 608 a
1237 567 1432 623 Diogene

257 661 281 715 §
317 674 391 701 101
410 688 424 712 ,
453 659 527 703 ὅτι
558 675 637 718 περ
658 660 710 704 ἐν
741 667 848 709 ταῖς
872 658 1026 710 ἰδίαις
1053 661 1247 718 πατρίσι
1270 662 1433 711 ξένους

257 759 515 799 ποιοῦνται.

317 850 472 905 Neque
503 848 722 905 eleganter
752 848 838 891 hoc
863 848 1029 890 dictum
1057 856 1121 891 est
1145 863 1290 905 neque
1311 862 1436 890 accu-

260 949 396 985 ratam
427 949 678 999 certamque
709 943 1059 984 enunciationem
1086 943 1294 983 continet.
1348 941 1438 994 Qui

259 1038 377 1079 enim
413 1045 517 1078 sunt
558 1037 638 1094 qui
678 1036 952 1081 ποιοῦνται.ρ
1026 1038 1076 1077 In
1120 1049 1231 1093 quo,
1271 1036 1439 1078 etiamsi

258 1132 452 1175 homines
474 1134 658 1189 cogites,
677 1141 822 1175 tamen
841 1130 1079 1174 admodum
1100 1146 1207 1188 vaga
1226 1133 1441 1173 sententia

260 1231 355 1273 erit.
384 1231 562 1272 Conieci
580 1229 664 1288 legi
681 1243 808 1288 posse
823 1229 898 1273 ὅτι
914 1234 1066 1288 παρῆν
1082 1229 1136 1273 ἐν
1151 1235 1262 1279 ταῖς
1281 1227 1436 1278 ἰδίαις

260 1322 452 1382 πατρίσι
475 1325 638 1375 ξένους
666 1326 909 1368 ποιεῖσθαι
937 1325 966 1365 i.
989 1337 1027 1365 e.
1051 1322 1176 1365 licere
1200 1322 1257 1378 (ei
1281 1337 1439 1382 nempe

262 1417 556 1475 Anacharsidi)
574 1419 621 1459 in
643 1432 723 1459 sua
734 1419 885 1474 patn‘a
905 1417 1095 1474 hospites
1117 1417 1354 1459 conciliare.

321 1511 548 1563 Paululum
581 1525 685 1554 sane
720 1511 889 1554 diversa
922 1519 1026 1553 sunt
1060 1511 1117 1554 ab
1155 1511 1440 1565 Herodoteis,

265 1620 377 1663 quae
414 1603 572 1648 deinde
608 1603 739 1647 tradit
777 1606 993 1664 Diogenes
1022 1604 1077 1647 de
1103 1619 1262 1663 genere
1291 1607 1444 1648 mortis

268 1713 359 1757 quo
372 1701 501 1758 periit
514 1698 770 1741 Anacharsis
790 1698 958 1741 dicens:
979 1713 1080 1741 eum
1102 1702 1379 1751 τοξευθέντα
1393 1700 1446 1745 ἐν

268 1795 518 1852 κυνηγεσίῳ
545 1795 659 1852 πρὸς
686 1799 766 1838 τοῦ
788 1792 987 1850 ἀδελφοῦ
1008 1794 1231 1850 τελευτᾷν·
1253 1794 1329 1837 sed
1351 1794 1444 1837 leve

268 1896 318 1931 ut
342 1890 560 1948 suspicor,
591 1889 744 1931 vitium
768 1890 972 1930 remansit
1002 1890 1045 1930 in
1069 1890 1121 1930 iis
1141 1903 1252 1946 quae
1270 1903 1446 1948 praece-

267 1982 399 2036 dunt,
429 1982 509 2025 ubi
541 1982 596 2024 de
627 1984 723 2042 ipso
759 1982 1048 2025 Anacharside
1078 1982 1185 2025 haec
1213 1982 1443 2025 dicuntur:

268 2077 640 2136 παραγενόμενος
664 2075 733 2127 εἰς
748 2082 831 2131 τὴν
853 2078 1104 2131 Σκυθίαν,
1135 2078 1217 2122 καὶ
1238 2079 1446 2136 νομίζων

267 2170 327 2215 τα
353 2172 540 2229 νόμιμα
570 2170 822 2230 παραλύειν
840 2176 922 2226 τῆς
941 2170 1165 2231 πατρίδος
1177 2205 1191 2229 ,
1220 2174 1359 2225 πολὺς
1378 2177 1445 2221 ὤν

269 2270 320 2314 ἐν
337 2273 401 2328 τῷ
420 2269 675 2324 ἑλληνίζειν.
721 2272 829 2313 Sana
846 2271 980 2328 igitur
995 2273 1207 2314 sententia
1225 2271 1446 2330 postulare

270 2364 378 2407 mihi
400 2364 572 2408 videtur
595 2373 645 2408 ut
666 2365 834 2423 legatur
854 2367 1162 2423 νομιζόμενος
1182 2381 1312 2425 quum
1334 2369 1444 2409 exis-
