1745 2981
917 220 943 261 2

345 378 588 413 mercatura
621 378 915 425 exerceretur,
950 385 1027 430 per
1057 385 1189 430 quam
1220 372 1394 413 Graecis
1420 371 1530 413 mul-

345 472 414 508 tae
434 467 622 508 rationes
641 479 741 508 cum
761 464 930 524 Scythis
950 465 1331 520 contraherentur,
1352 463 1528 508 abunde

348 568 529 601 constat.
591 563 750 602 Tamen
789 560 1036 603 Herodotus
1059 560 1329 603 demonstrat
1350 559 1529 617 Scythas

347 669 486 711 quum
510 656 655 697 omnia
678 657 908 714 peregrina
926 657 1122 698 instituta
1143 664 1394 714 aspernatos
1418 670 1529 708 esse,

350 757 445 790 tum
486 751 670 792 maxime
712 751 999 804 Graecorum,
1036 751 1187 807 reique
1217 749 1530 792 documentum

350 842 527 886 exhibet
552 852 643 886 tum
664 843 966 887 Anacharsidis
988 844 1231 899 historiam,
1256 854 1351 887 tum
1371 845 1529 903 Scylae.

350 942 446 997 Ipsa
461 938 612 992 verba,
635 938 798 996 quibus
819 938 904 981 hoc
921 941 1124 982 enunciat
1137 938 1232 981 Lib.
1244 942 1314 982 IV.
1328 942 1429 998 Cap.
1453 939 1530 998 76,

351 1034 529 1076 minime
562 1035 709 1076 tritam
741 1032 906 1076 habent
943 1035 1318 1093 compositionem.
1378 1034 1528 1082 Ξεινι-

354 1135 482 1171 κοῖσι
516 1127 567 1171 δὲ
596 1129 841 1184 νομαίοισι
876 1129 958 1171 καὶ
984 1121 1112 1172 οὗτοι
1132 1128 1283 1178 αἰνῶς
1311 1132 1530 1187 χρᾶσθαι

353 1224 587 1281 φεύγουσι,
616 1226 683 1279 μή
700 1223 845 1281 τοίγε
864 1215 931 1267 ὧν
950 1222 1119 1276 ἄλλων,
1150 1223 1456 1276 Ἑλληνικοῖσι
1475 1222 1527 1268 δὲ

348 1318 431 1361 καὶ
468 1320 660 1370 ἣκιστα,
698 1318 761 1367 ὡς
796 1315 1011 1369 διέδεξαν
1049 1316 1319 1377 Ἀναχάρσι
1358 1335 1405 1361 τε
1444 1319 1527 1362 καὶ

349 1411 531 1469 δεύτερα
565 1405 701 1463 αὖτις
729 1411 904 1470 Σκύλῃ·
963 1411 1149 1465 Scilicet,
1185 1414 1283 1469 quis
1313 1427 1402 1454 non
1426 1421 1525 1472 post

346 1508 477 1551 verba
498 1507 647 1558 αἰνῶς
664 1510 883 1564 χρᾶσθαι
906 1506 1124 1565 φεύγουσι
1140 1514 1406 1564 expectasset
1421 1505 1526 1550 Ἑλ-

347 1601 575 1655 ληνικοῖσι
612 1600 660 1645 δε
688 1601 772 1656 οὐκ
787 1584 1002 1654 finam?
1053 1600 1135 1643 Sed
1169 1599 1418 1643 defenditur
1445 1604 1527 1644 He-

344 1695 524 1738 rodotea
558 1697 816 1753 compositio
850 1709 924 1748 eo,
955 1693 1073 1751 quod
1097 1696 1266 1747 ἥκιστα
1295 1695 1525 1752 cogitando

346 1789 535 1832 refertur
564 1790 618 1833 ad
646 1792 894 1849 primariam
922 1791 966 1831 in
995 1788 1357 1849 praecedentibus
1383 1791 1526 1832 notio-

350 1901 449 1929 nem
468 1886 740 1944 (χρᾶσθαι),
756 1888 879 1928 cuius
892 1884 1023 1927 verba
1040 1884 1186 1935 αἰνῶς
1198 1885 1417 1943 φεύγουσι
1435 1900 1525 1928 non

346 1983 430 2023 nisi
454 1982 726 2039 negationem
747 1978 964 2033 efficiunt,
980 1978 1056 2022 sed
1072 1977 1378 2022 efficaciorem:
1397 1981 1529 2037 igitur

352 2084 559 2132 tanquam
602 2077 636 2115 si
672 2073 950 2132 praecederet
984 2074 1038 2116 οὐ
1063 2076 1302 2131 χρῶνται,
1331 2075 1530 2130 sequitur

352 2169 436 2213 καὶ
463 2172 644 2222 ἥκιστα.
709 2173 853 2226 Atque
875 2168 984 2211 haec
1003 2167 1317 2227 interpretandi
1340 2171 1449 2210 ratio
1470 2146 1531 2210 eo

351 2276 531 2320 quoque
552 2261 906 2314 commendatur,
930 2260 1050 2320 quod
1069 2261 1201 2306 altera
1221 2263 1395 2320 negatio
1412 2276 1533 2321 prae-

352 2356 488 2407 cedit,
523 2362 586 2413 μὴ
617 2359 697 2401 τοί
724 2374 773 2416 γε
806 2350 872 2403 ὧν
900 2357 1079 2410 ἄλλων,
1117 2359 1144 2400 i.
1169 2371 1205 2400 e.
1233 2372 1319 2400 non
1337 2356 1533 2415 projecto
