1745 2981
774 206 826 249 31

764 359 830 398 VI.

259 488 308 528 In
322 488 544 529 Ciceronis
560 487 733 541 Quaest.
746 489 916 532 Tuscul.
933 488 1008 532 lib.
1028 491 1058 531 Ι.
1080 503 1172 548 cap.
1188 503 1259 531 20.
1276 488 1383 545 546.

212 582 364 625 verba:
396 596 533 641 »quae
563 597 794 642 numquam
820 585 1003 643 quinque
1029 585 1196 627 nuncia&
1215 585 1386 626 animus

209 686 494 734 cognosceret,
523 678 612 718 miri
645 674 708 719 ad
735 690 829 720 eum
852 678 1297 734 omnent-efemntuss'
1326 680 1386 720 ita

208 772 434 829 transponi
469 770 650 814 debent:
680 787 789 831 quae
821 787 1052 831 numquam
1087 774 1256 814 animus
1291 787 1385 830 cog-

208 873 397 907 nosceret
406 897 420 916 ‚
453 866 541 907 nisi
564 864 626 908 ad
644 880 739 908 eum
760 867 905 909 omnia
926 868 1110 925 quinque
1131 867 1299 908 nunciis
1320 881 1385 908 re-

200 956 432 1013 firrentur.

685 1082 687 1086 '
753 1077 840 1117 VH.

265 1205 470 1262 Antiquis
507 1203 825 1263 tragoediarum
869 1205 1012 1263 poetis
1046 1205 1203 1246 iniuria
1236 1202 1309 1256 fit,
1348 1206 1386 1245 si

203 1306 461 1357 *argumenta
483 1312 534 1340 ex
557 1297 745 1340 heroicis
765 1296 1036 1355 temporibus
1056 1311 1109 1339 eo
1129 1296 1310 1339 consilio
1328 1295 1386 1339 ab

207 1393 258 1433 iis
296 1393 431 1449 petita
469 1398 695 1449 putemus,
725 1404 817 1448 quo
848 1404 928 1448 per
959 1389 1183 1448 allegorias
1205 1404 1304 1433 suas
1330 1389 1387 1433 de

162 1514 174 1532 1
207 1483 503 1543 praesentibus
542 1483 673 1526 rebus
705 1484 933 1542 opiniones
967 1482 1239 1541 proferrent;
1278 1491 1385 1526 atta-

207 1593 308 1621 men
342 1592 432 1620 non
472 1579 616 1619 minus
649 1591 800 1619 verum
837 1585 903 1619 est
934 1575 1207 1635 publicarum
1238 1592 1385 1619 rerum

206 1672 505 1715 conditionem
527 1673 706 1730 ipsaque
725 1679 923 1730 tempora
941 1670 1102 1728 quibus
1125 1669 1384 1724 scriberent,

203 1765 390 1808 multum
425 1764 542 1824 apud
577 1779 652 1807 eos
679 1764 861 1807 valuisse
884 1767 929 1806 in
958 1767 1224 1822 argumentis
1246 1779 1386 1823 quum

202 1857 471 1901 inveniendis
501 1867 596 1900 tum
628 1856 920 1916 disponendis.

738 2000 845 2040 VIII.

258 2143 308 2182 In
339 2139 497 2183 Herod.
541 2139 615 2182 lib.
653 2142 684 2182 Ι.
724 2154 815 2198 cap.
848 2139 916 2183 56.
948 2140 1175 2199 probanda
1209 2141 1385 2185 videtur

201 2236 450 2279 coniectura
496 2222 555 2278 vd
601 2236 939 2293 προκεκριμένα
981 2234 1124 2282 ἔθνεα
1181 2250 1262 2295 pro
1321 2236 1383 2279 τά

199 2331 529 2386 προκεκριμένα
562 2330 715 2374 ἐόντα.
