1745 2981
780 220 831 261 15

214 370 312 412 Non
349 366 464 414 male.
490 365 668 425 quidem
699 367 923 425 Memgius
944 366 999 413 ad
1029 374 1254 425 postrema
1270 364 1391 424 ὕδωρ

212 464 357 513 οἴσεις
375 463 591 519 »accipi0,
615 462 779 518 inquit,
802 460 858 504 de
877 475 991 518 aqua
1008 457 1262 503 intercute.'’
1307 457 1391 500 Sed

213 557 322 614 quid
354 564 420 599 est
452 555 583 610 illud,
613 557 663 602 ,Si
680 558 820 603 vinum
837 557 1056 613 wasers?
1097 558 1250 613 Neque
1273 557 1390 601 enim

211 650 286 700 ille
319 650 501 700 morbus
533 666 587 699 ex
622 665 675 699 eo
700 650 944 705 oriebatur,
975 650 1094 709 quod
1118 651 1216 708 quis
1239 651 1386 693 vinum

207 746 325 804 ferre
355 761 445 788 non
467 755 612 805 posset
625 778 640 798 ‚
670 745 745 789 sed
768 761 821 789 ex
843 761 897 792 eo
917 745 1037 804 quod
1059 748 1246 789 nimium
1264 745 1388 788 bibe-

211 849 299 894 ret,
322 843 490 884 etiamsi
508 839 611 883 inde
631 839 748 883 nulla
767 839 952 882 ebrietas
973 848 1242 897 sequeretur.
1303 843 1387 883 De-

210 932 361 980 fendet
379 936 479 992 quis
504 935 743 993 Diogenem
769 948 972 987 monens,
1002 942 1053 975 ut
1078 934 1161 978 τὸν
1178 931 1312 978 οἶνον
1342 941 1388 975 et

209 1026 354 1086 ὕδωρ,
385 1030 444 1071 ita
476 1029 532 1072 ου’
567 1031 709 1087 φέρῃς
743 1037 787 1072 et
819 1030 967 1078 οἴσεις
995 1031 1111 1071 inter
1140 1043 1186 1071 se
1218 1030 1386 1087 opponi

206 1124 252 1164 in
281 1136 422 1179 eoque
447 1122 553 1164 dicti
575 1105 830 1179 elegantiam
860 1124 993 1167 cerni.
1053 1124 1276 1180 Agnosco:
1308 1122 1386 1165 sed

206 1217 370 1263 nullam
409 1216 603 1275 intelligo
642 1216 920 1274 elegantiam,
962 1218 1009 1258 in
1047 1231 1134 1272 qua
1171 1218 1385 1259 sententia

204 1310 323 1353 nulla
345 1319 560 1369 appareat.
611 1314 673 1353 De
695 1312 788 1369 ipsa
808 1322 989 1367 quoque
1012 1308 1222 1366 loquendi
1243 1307 1384 1351 forma

202 1404 327 1463 ὕδωρ
348 1409 506 1463 φέρειν
541 1406 742 1448 dubitare
780 1405 902 1447 licet:
933 1395 1078 1461 ne'que
1112 1407 1228 1447 enim
1259 1404 1382 1464 ὕδωρ

202 1514 283 1557 pro
304 1514 416 1557 aqua
435 1501 650 1542 intercute
668 1498 756 1542 dici
775 1500 971 1552 memini,
992 1506 1035 1541 et
1052 1498 1226 1542 edoceri
1246 1502 1378 1559 cupio

200 1607 277 1646 an,
330 1594 366 1634 si
407 1591 649 1646 diceretur,
697 1589 820 1651 ὕδωρ
870 1593 1027 1651 φέρειν
1073 1600 1149 1635 aut
1201 1596 1378 1653 propria

200 1695 274 1729 aut
303 1702 403 1730 vera
441 1687 703 1730 enunciandi
728 1690 838 1730 ratio
869 1696 981 1729 esset
1014 1691 1059 1728 in
1095 1688 1170 1730 illo
1202 1689 1374 1732 morho.

197 1782 351 1823 Dicere
392 1783 603 1838 potuisset
639 1779 957 1839 ὑδραητιάσεις.
1020 1785 1063 1825 Si
1089 1791 1235 1826 tamen
1267 1784 1373 1827 illud

312 2028 366 2059 tot
384 2023 476 2068 alia,
501 2034 596 2070 quae
618 2022 664 2057 ab
684 2021 930 2059 Anacharside
947 2028 1030 2071 apte
1047 2029 1154 2060 acute
1172 2031 1235 2061 aut
1254 2026 1372 2063 facete

306 2089 404 2126 diota
434 2089 757 2134 circumferantur,
793 2101 960 2137 magnam
992 2091 1117 2127 saltem
1143 2098 1284 2140 partem
1303 2107 1373 2142 pro

305 2169 380 2194 non
399 2169 485 2193 vere
502 2157 548 2193 ab
569 2169 613 2193 eo
630 2156 800 2204 profectis
818 2157 945 2193 haberi
961 2159 1115 2205 possint,
1139 2159 1180 2194 id
1190 2159 1371 2199 affirmare

303 2224 428 2259 nullus
459 2223 599 2259 dubito.
649 2223 700 2259 cf.
729 2236 877 2271 quoque
903 2223 1077 2260 Aelianus
1105 2225 1184 2262 Var.
1215 2227 1298 2264 hist.
1318 2228 1366 2264 11.

300 2300 378 2337 cap.
406 2289 451 2325 41
482 2296 519 2326 et
544 2290 644 2327 Plato
672 2290 755 2338 Leg.
781 2290 810 2326 1.
837 2302 874 2338 p.
903 2290 985 2328 570.
1011 2291 1054 2329 1).
1087 2292 1226 2341 Scythis
1255 2295 1368 2337 etiam

300 2357 563 2404 ἀκρητοποσίας
587 2358 728 2394 crimen
753 2357 975 2394 obiiciente&
