1745 2981
823 218 877 260 13

259 363 421 406 dentur
434 364 567 409 Βίων
577 365 824 423 scriptores,
839 373 935 408 tum
955 368 1034 423 qui
1051 365 1154 409 inde
1170 366 1440 427 apophtheg-

263 468 372 505 mata
388 460 588 520 colligere
607 470 857 522 coeperunt,
876 462 1025 522 quales
1045 463 1324 508 collectiones
1348 473 1440 508 tum

261 556 367 598 aliae
395 554 527 597 hodie
555 564 789 614 supersunt
818 559 976 615 partim
1001 560 1047 599 in
1070 557 1351 601 bibliothecis
1382 559 1442 602 la-

263 657 404 691 tentes
418 680 430 702 ,
463 659 556 692 tum
579 652 799 693 notissima
826 660 890 693 est
917 651 1102 695 Stobaei.
1162 656 1328 696 Horum
1349 654 1441 697 dic-

263 752 409 786 torum
442 743 658 802 permulta
688 743 864 788 exhibet
885 748 1100 804 Diogenes
1121 749 1333 802 Laertius,
1365 748 1441 792 sed

263 840 306 880 in
331 837 592 897 quibusdam
617 838 854 882 referendis
872 842 932 882 ita
953 848 1166 894 versatur,
1188 849 1237 883 ut
1261 841 1329 884 vel
1350 857 1443 884 om-

262 937 369 977 nino
399 937 658 978 sententiam
686 935 752 977 vel
778 943 894 977 certe
918 950 1066 978 sanam
1092 938 1350 979 sententiam
1375 951 1442 979 re-

263 1031 422 1086 quiras.
482 1029 689 1088 Exemplo
722 1031 777 1071 sit
810 1028 875 1082 id,
914 1028 1035 1086 quod
1071 1028 1125 1072 de
1166 1031 1252 1071 vite
1284 1028 1440 1072 dixisse

263 1121 423 1165 dicitur
444 1120 700 1166 Anacharsis
722 1123 746 1177 5
773 1122 871 1165 103:
898 1123 981 1175 τὴν
995 1121 1197 1178 ἄμπελον
1213 1139 1306 1166 stne
1322 1129 1442 1179 τρεῖς

261 1222 418 1278 φέρειν
434 1219 635 1277 βότρυς,
664 1220 748 1263 τὸν
765 1223 945 1277 πρῶτον
968 1217 1136 1273 ἡδονῆς
1149 1250 1163 1273 ,
1184 1220 1268 1263 τὸν
1288 1217 1440 1263 δέυτε-

263 1335 343 1379 ρον
368 1321 546 1377 μέθης,
575 1318 659 1363 τὸν
684 1318 841 1377 τρίτον
857 1314 1041 1370 αἠδίας.
1100 1315 1288 1359 Defendi
1310 1330 1439 1375 posse

260 1414 385 1457 video
399 1446 411 1467 ‚
435 1416 471 1456 si
496 1429 547 1456 ex
569 1416 669 1456 vino
689 1412 874 1456 caedium
896 1410 1069 1465 ἀηδίαν
1087 1421 1310 1470 postremo
1333 1414 1439 1455 oriri

259 1509 432 1552 dicitur:
464 1507 539 1550 sed
573 1521 717 1565 neque
747 1508 925 1565 proprie
956 1505 1108 1548 hocin
1131 1507 1232 1548 vino
1252 1504 1438 1560 dicitur,

258 1617 404 1660 neque
446 1602 532 1644 hoc
570 1601 679 1643 mihi
719 1600 904 1642 voluisse
952 1599 1208 1642 Anacharsis
1256 1599 1437 1642 videtur.

257 1700 433 1752 Quanto
478 1696 629 1739 melius
670 1697 715 1737 in
748 1694 833 1737 alio
874 1693 1013 1747 dicto,
1056 1693 1207 1758 similis
1240 1697 1436 1751 generis,

258 1790 379 1849 quod
392 1787 674 1834 Anacharsidi
689 1786 899 1830 tribuitur
914 1786 1031 1846 apud
1048 1767 1281 1830 stobaeum
1300 1791 1436 1832 XVIII

260 1886 337 1939 26,
368 1894 578 1928 craterem
601 1886 793 1943 primum
808 1883 991 1942 ὑγιείας
1013 1883 1256 1937 πίνεσθαι,
1279 1898 1434 1927 secun-

257 1980 364 2023 dum
392 1977 588 2033 ἡδονῆς,
619 1978 798 2020 tertium
817 1976 1021 2035 ὕβρεως,
1054 1985 1323 2035 postremum
1346 1995 1435 2035 μα·

256 2076 377 2125 νίας.
434 2073 544 2116 Mihi
567 2080 683 2114 certe
703 2070 963 2113 vocabulum
984 2069 1156 2125 ἀηδίας
1178 2081 1434 2131 corruptum

256 2185 310 2212 ex
352 2167 435 2211 alio
477 2164 666 2218 videtur,
710 2163 785 2207 sed
821 2162 941 2221 quod
983 2166 1233 2208 coniectura
1262 2169 1435 2223 assequi

258 2276 444 2321 nequeo.
500 2258 739 2304 Defendant
757 2265 902 2302 tamen
921 2260 1000 2316 qui
1019 2258 1184 2302 volunt.
1229 2259 1312 2304 Sed
1332 2275 1433 2305 cum

258 2357 333 2399 illo
368 2356 486 2399 dicto
519 2369 609 2397 non
636 2356 832 2412 ineptum
863 2361 927 2396 est
955 2353 1153 2397 conferre
1173 2355 1291 2399 aliud
1311 2357 1431 2413 quod
