1745 2981
974 247 1026 286 10

395 397 540 453 script.
582 397 688 437 Hist.
726 394 828 453 phil.
857 409 898 452 p.
924 408 992 451 77.
1053 396 1276 435 Praeterea
1312 392 1481 433 nullum
1505 390 1578 433 de-

391 488 605 548 prehendi
635 490 714 546 qui
749 490 1008 531 nominatim
1040 490 1087 529 in
1116 484 1419 530 Anacharsidis
1442 485 1574 528 rebus

390 585 608 626 citaretur.
652 587 803 641 Itaque
825 596 943 625 nunc
961 596 1121 641 operae
1143 584 1331 641 pretium
1354 590 1420 625 est
1442 595 1573 640 quae·

389 679 490 722 dam
510 692 663 720 eorum
686 676 962 720 considerare
983 690 1098 733 quae
1121 675 1254 719 tradit
1276 678 1504 733 Diogenes.

447 774 597 816 Statim
631 771 754 829 quod
784 771 916 814 tradit
937 772 1198 829 Diogeness
1224 785 1326 824 101,
1356 769 1574 814 Anachar-

387 869 455 909 sin
490 872 680 920 ποιῆσαι
713 870 809 911 τῶν
832 883 880 910 τε
907 865 1032 925 παρὰ
1064 873 1166 916 τοῖς
1185 869 1408 915 Σκυθαῖς
1426 868 1566 922 νομό-

387 974 518 1016 μων,
549 960 635 1004 καὶ
665 963 761 1005 τῶν
792 960 915 1019 napo&
949 967 1050 1011 τοῖς
1078 957 1294 1014 “Eunow
1307 992 1321 1016 ,
1351 959 1417 1011 εἰς
1447 960 1566 1005 εὐτέ-

388 1054 518 1099 λειαν
556 1054 673 1111 βίου
713 1055 797 1098 καὶ
840 1055 899 1097 τά
943 1055 1067 1097 κατὰ
1103 1044 1203 1098 τὸν
1221 1054 1443 1110 πόλεμον,
1483 1055 1567 1107 ἔπη

390 1149 650 1193 ὀκτακόσια
674 1163 826 1190 versus
847 1149 1109 1207 octingentos
1130 1148 1273 1207 (quod
1294 1151 1449 1208 repetit
1473 1151 1567 1191 Sui-

388 1244 484 1303 das)
502 1243 680 1288 difficile
697 1251 761 1287 est
781 1243 976 1298 credere,
999 1246 1083 1287 nisi
1102 1242 1216 1287 forte
1236 1243 1565 1303 intelligendum

388 1341 442 1381 sit
464 1338 519 1381 de
542 1338 736 1397 epistolis
753 1337 836 1395 (1),
856 1348 970 1396 quae
990 1340 1083 1380 eius
1103 1323 1282 1381 nomine
1301 1318 1564 1382 ferebantur.

419 1592 476 1640 (1)
500 1591 663 1635 Quarum
692 1586 956 1634 Epistularum,
980 1597 1077 1634 quae
1108 1591 1236 1633 aperte
1265 1593 1351 1623 sunt
1383 1591 1572 1637 suppositi·

502 1656 574 1692 tiae
589 1657 781 1702 sequentes
798 1656 959 1700 prostant
979 1651 1177 1688 editiones:

551 1722 599 1757 1⁰.
634 1718 891 1755 Anaeharsidis
910 1719 1088 1766 Epistolae
1104 1719 1165 1754 lx.
1184 1719 1308 1756 Graec.
1333 1721 1376 1756 In
1399 1721 1485 1757 Aldi
1502 1723 1571 1760 Ma-

501 1788 599 1825 nutii
618 1787 833 1827 collectione
855 1786 1090 1833 epistolarum
1110 1798 1325 1833 graecarum
1346 1800 1442 1825 anno
1465 1790 1571 1834 1499.

553 1855 618 1891 110.
653 1852 908 1890 Anacharsidis
925 1853 1102 1900 Epistulae
1115 1853 1252 1890 Graece
1270 1860 1307 1890 et
1323 1856 1449 1892 Latine
1468 1869 1572 1905 sepa-

502 1921 611 1958 ratim
641 1920 760 1956 editae
781 1918 925 1955 Parisiis
944 1919 1044 1967 apud
1069 1919 1217 1957 Guiliel.
1238 1920 1442 1959 Morellium
1466 1923 1573 1961 1552.

551 1987 637 2024 1110.
672 1986 928 2022 Anacharsidis
948 1986 1127 2033 Epistolae
1147 1988 1283 2024 Graece
1304 1993 1342 2024 et
1362 1989 1492 2026 Latine
1509 1990 1572 2027 Pa-

501 2054 599 2091 risiis
624 2052 723 2101 apud
745 2053 893 2089 Petrum
914 2053 1136 2089 Pautonnier
1159 2053 1257 2090 Guil.
1285 2054 1439 2090 Morellii
1468 2055 1571 2092 here-

502 2121 588 2157 dem
610 2132 631 2156 e
650 2119 801 2167 regione
822 2119 969 2167 collegii
989 2119 1204 2156 Rhemensis
1226 2120 1330 2157 1581.
1527 2108 1529 2111 ι

553 2186 629 2223 1V0.
665 2186 919 2226 Anacharsidis
945 2186 1052 2234 Epist.
1077 2187 1214 2224 Graece
1238 2192 1275 2223 et
1299 2188 1436 2224 Latine.
1472 2188 1573 2225 Inter

504 2254 670 2302 epistolas
699 2265 846 2301 graecas
875 2253 961 2289 edit.
983 2265 1051 2301 per
1076 2254 1172 2291 Eilh.
1191 2253 1386 2291 Lubinum.
1400 2255 1489 2292 1601
1515 2255 1572 2300 8⁰,

552 2321 611 2357 V0.
645 2319 902 2357 Anacharsidis
917 2320 1019 2368 epist.
1036 2321 1133 2357 inter
1148 2321 1316 2369 epistolas
1338 2321 1571 2359 Graecanieas

507 2392 660 2423 mutuas.
711 2386 833 2424 Aurei.
858 2387 1041 2434 Allobrog.
1070 2386 1176 2425 1606.
