1745 2981
804 232 857 273 21

244 397 410 438 τιμιας
436 380 752 436 καταίροντες
778 385 829 422 οἱ
846 377 888 422 δ’
908 380 1053 435 ὥσπερ
1075 378 1135 421 τὰ
1158 377 1411 430 σκυλάκια,

241 476 385 533 φησὶν
418 475 445 519 ὁ
478 472 702 528 Πλάτων,
742 476 806 531 τῷ
837 473 981 519 ἕλκειν
1018 473 1105 517 καὶ
1136 469 1412 530 σπαράττειν

244 570 515 628 χαίροντες,
559 567 633 611 ἐπὶ
666 565 753 617 τας
789 565 949 626 ἔριδας
984 566 1066 610 καὶ
1099 564 1185 616 τοὶς
1214 564 1413 623 ἀπορίας

244 663 328 707 καὶ
363 662 423 706 τοὶ
457 663 731 719 σοφίσματα
767 666 1020 719 χωροῦσιν,
1050 666 1101 704 οἱ
1128 659 1179 704 δὲ
1211 660 1411 704 πλεῖστοι

243 764 345 808 τοῖς
362 756 672 807 διαλεκτικοῖς
689 754 900 806 ἐνδύντες
920 755 1054 806 εὐθὺς
1072 755 1412 824 ἐπισιτίζονται

243 851 355 911 πρὸς
386 852 673 908 σοφιστείαν·
693 851 812 897 ἔνιοι
828 849 881 896 δὲ
904 850 986 895 καὶ
1007 853 1171 910 χρείας
1190 851 1273 895 καὶ
1292 855 1413 894 ἱστο·

244 946 354 1003 ρίας
394 944 743 1003 ἀναλεγόμενοι,
791 945 1050 1003 περιΐασιν,
1095 946 1240 1002 ὥσπερ
1275 943 1411 988 Ἀνά-

241 1055 421 1097 χαρσις
449 1039 566 1097 ἔλεγε
595 1043 659 1096 τῷ
684 1041 945 1096 νομίσματι
971 1039 1086 1098 πρὸς
1104 1037 1243 1083 οὐδὲν
1261 1041 1414 1096 ἕτερον

241 1135 269 1186 ἢ
288 1132 344 1176 τὸ
362 1131 583 1191 ἀριθμεῖν
603 1137 875 1192 χρωμένους
898 1134 1014 1191 ὁρᾷν
1040 1133 1150 1183 τοὺς
1169 1131 1413 1186 Ἕλληνας,

243 1228 358 1272 οὕτω
391 1226 499 1277 τοὺς
526 1227 693 1286 λόγους
725 1229 1128 1286 παραριθμοῦντες
1158 1227 1244 1271 καὶ
1268 1242 1414 1284 παρα·

242 1325 510 1379 μετροῦντες
533 1321 643 1368 ἄλλο
671 1320 714 1366 δ’
736 1321 874 1366 ου’δὲν
897 1322 962 1371 εἰς
980 1322 1141 1374 ὄνησιν
1160 1320 1236 1365 ἀπ’
1260 1322 1413 1365 αὐτῶν

243 1417 494 1472 τιθέμενοι.
544 1414 673 1470 Quod
694 1415 859 1459 dictum
874 1429 1027 1459 vereor
1042 1424 1093 1458 ut
1112 1423 1230 1458 recte
1249 1417 1413 1474 ceperit

241 1509 487 1552 Athenaeus
510 1512 580 1552 IV.
606 1525 648 1567 p.
674 1508 767 1566 159.
793 1512 838 1552 C.
862 1511 941 1566 qui
964 1524 1017 1552 eo
1045 1511 1311 1552 Graecorum
1337 1525 1411 1564 φι-

242 1603 565 1661 λοχρηματίαν
595 1601 826 1659 significari
855 1602 911 1645 ab
933 1602 1224 1646 Anacharside
1253 1611 1390 1661 putat.

298 1696 417 1742 Nihil
431 1695 548 1740 aliud
558 1696 666 1739 mihi
678 1696 863 1740 voluisse
879 1696 1051 1740 videtur
1058 1697 1313 1740 Anacharsis
1327 1700 1411 1741 nisi

241 1792 348 1844 hoc,
377 1805 528 1834 vanam
561 1799 605 1833 et
639 1791 798 1833 nullius
825 1793 953 1849 pretii
973 1791 1091 1849 apud
1112 1794 1301 1835 Graecos
1317 1806 1409 1835 esse

241 1899 521 1929 nummorum
537 1887 853 1943 possessionem
866 1887 903 1927 si
914 1884 1091 1942 quidem
1107 1887 1159 1927 iis
1172 1885 1280 1928 nihil
1292 1885 1410 1929 aliud

241 1987 470 2023 uterentur
501 1981 585 2021 nisi
619 1986 909 2022 numerarent.
968 1978 1294 2037 Simplicitatem
1323 1979 1410 2022 hoc

241 2072 409 2116 dictum
419 2072 605 2115 declarat
611 2071 926 2125 Anacharsidis,
939 2074 1019 2128 qui
1032 2074 1219 2114 nesciret
1240 2072 1409 2114 nullum

243 2168 424 2211 omnino
446 2179 727 2210 nummorum
749 2178 842 2209 esse
864 2178 1012 2219 usum,
1044 2166 1126 2207 nisi
1152 2173 1202 2207 ut
1223 2166 1267 2207 in
1289 2179 1411 2224 emp-

242 2260 436 2304 tionibus
464 2269 507 2303 et
540 2258 859 2303 venditionibus
889 2267 1241 2312 numerarentur,
1271 2260 1319 2299 in
1338 2273 1411 2301 eo-

244 2369 332 2410 que
345 2357 650 2411 praestantiam
666 2356 789 2398 istius
803 2356 968 2397 inventi
981 2356 1116 2407 cerni,
1135 2354 1256 2411 quod
1272 2357 1411 2397 cuius-
