1745 2981
810 239 865 280 19

177 446 180 449 Δ
244 388 374 429 vitam
407 385 625 443 quandam
661 386 827 439 vivant3
865 384 988 443 quod
1017 383 1178 427 faciens
1206 399 1295 427 non
1320 387 1413 427 sine

241 480 432 538 quodam
449 480 648 530 acumine
670 481 971 537 quaestionem
989 481 1179 538 ineptam
1196 493 1290 521 esse
1307 479 1416 520 indi-

241 583 325 625 cat,
357 580 510 631 utpote
538 587 650 629 quae
678 581 722 615 et
749 574 933 614 mortuis
951 581 995 614 et
1015 574 1121 614 vivis
1144 575 1415 615 existentiam

238 665 423 719 tribuat,
451 680 583 724 quam
602 665 657 709 de
676 664 743 708 his
762 674 934 709 tantum
953 668 1150 725 accipere
1169 681 1412 726 possumus.

238 761 361 813 Quae
372 774 509 817 quum
526 762 585 803 ita
600 762 699 814 sint,
713 760 943 820 legendum
960 775 1129 803 censeo:
1143 761 1252 811 τοὺς
1261 761 1417 804 οὐκέτι

240 854 382 904 ὄντας
415 857 501 899 ποῦ
527 855 664 908 τίθης
674 871 700 909 ;
729 870 820 913 quo
853 855 951 898 loco
975 857 1101 914 ponis
1123 869 1200 897 eos
1223 855 1412 911 quinon

238 956 360 990 sunt:
392 947 436 990 id
464 956 550 1003 est,
571 947 693 1007 quid!
726 962 909 1007 rogasne
935 949 1115 1006 quinam
1138 947 1285 1007 plures
1305 948 1412 1000 sint,

238 1041 300 1083 illi
323 1044 400 1099 qui
429 1051 553 1096 sunt,
583 1058 638 1085 an
669 1043 730 1085 illi
760 1045 838 1100 qui
867 1057 958 1085 non
987 1050 1102 1084 sunt.

296 1138 443 1179 Sentio
463 1136 667 1195 equidem
682 1113 848 1179 dictum
868 1138 931 1179 sic
945 1135 1042 1178 fieri
1061 1137 1256 1193 argutius
1278 1149 1413 1192 quam

237 1227 358 1286 quod
393 1231 439 1270 in
473 1228 544 1272 illa
576 1237 775 1289 tempore
805 1229 947 1282 cadat,
978 1228 1141 1286 quibus
1167 1226 1413 1270 istiusmodi

236 1320 524 1363 subtilissimis
549 1321 900 1364 distinctionibus
923 1337 975 1364 ac
999 1322 1274 1379 sophismatis
1301 1335 1413 1362 non-

234 1413 341 1456 dum
371 1429 449 1456 sua
480 1422 572 1456 erat
599 1416 664 1456 vis
695 1429 887 1472 suusque
911 1414 1074 1456 honor:
1105 1413 1179 1456 sed
1207 1416 1244 1455 si
1268 1415 1414 1456 omnia

234 1521 346 1564 quae
377 1509 531 1564 exigua
565 1522 666 1550 sane
693 1507 748 1551 de
775 1507 1065 1551 Anacharside
1093 1507 1328 1550 traduntur
1355 1506 1411 1550 ad

235 1600 379 1641 vivum
393 1613 588 1642 resecare
599 1599 826 1653 vellemus,
846 1608 921 1643 aut
936 1599 1046 1642 nihil
1061 1608 1136 1643 aut
1153 1602 1411 1658 paucissima

234 1701 403 1736 tantum
428 1701 639 1737 restarent
663 1709 774 1752 quae
801 1693 957 1751 Scytha
982 1693 1270 1753 philosophus
1289 1696 1410 1736 omni

234 1787 368 1831 dubia
399 1790 560 1831 maiora
590 1787 673 1832 sibi
704 1797 851 1847 posset
881 1787 1111 1833 vindicare.
