1745 2981
910 240 963 283 14

340 388 458 447 apud
481 390 720 447 Diogenem
741 389 1050 443 memoraturs
1070 386 1164 430 105.
1179 388 1272 432 ὑπὸι
1278 390 1519 446 μειρακίου

341 483 469 542 παραὶ
485 484 628 527 πότον
641 481 909 539 ὑβρισθεὶς,
926 481 1013 538 ἔφη
1024 512 1038 537 ,
1055 481 1300 540 μειράκιον
1316 482 1401 528 ἐάν
1418 485 1518 532 νέος

341 579 407 624 ὤν
424 577 509 624 τὸν
525 575 659 624 οἶνον
686 577 743 622 ov‘
760 578 902 635 φέρῃς
914 609 928 632 ,
957 579 1105 637 γέρων
1134 578 1381 635 γενόμενος
1397 576 1518 635 ὕδωρ

340 673 500 723 οἴσεις.
573 670 713 715 Pudet
754 670 846 715 fere
886 674 1038 715 Latine
1085 674 1381 732 interpretari,
1427 681 1517 717 tam

338 768 541 826 languida
578 776 622 810 et
660 744 883 810 incondita
915 770 1129 810 sententia
1162 775 1249 810 est:
1279 768 1329 810 Sc'
1348 766 1520 824 juvem&

338 863 477 903 vinum
515 876 602 903 non
627 861 729 917 «fers
764 876 897 903 senex
928 860 1076 917 factus
1114 877 1271 921 aquam
1299 861 1420 918 feres
1436 862 1516 918 (1).

381 1119 436 1169 (1)
460 1119 615 1167 Reliqua
644 1117 900 1155 Anacharsidis
931 1118 1030 1154 dicta
1060 1118 1162 1166 quod
1190 1118 1238 1154 ad
1262 1118 1391 1155 vinum
1414 1123 1451 1155 et
1472 1123 1521 1154 te-

451 1184 670 1221 mulentiam
703 1185 794 1220 haec
823 1184 1014 1220 feruntur:
1039 1184 1198 1232 Rogatus
1229 1185 1413 1232 quomodo
1440 1185 1523 1233 quis

452 1252 532 1289 vini
565 1251 762 1288 abstemius
789 1251 875 1288 flat?
909 1251 946 1287 Si
966 1256 1090 1298 turpes
1113 1252 1236 1299 inquit
1258 1252 1523 1289 inebriatorum

451 1318 598 1354 habitus
629 1322 823 1366 motusque
855 1322 941 1353 aute
972 1317 1096 1353 oculos
1129 1318 1271 1353 habeat.
1320 1318 1364 1353 Se
1396 1318 1523 1354 mirari

454 1384 653 1432 aliquando
683 1383 778 1420 dixit
809 1383 910 1431 quod
941 1383 1070 1420 Graeci
1089 1383 1196 1421 initio
1221 1384 1381 1421 convivii
1403 1386 1524 1432 parvis

453 1452 593 1498 poculis
623 1455 833 1494 uterentur,
869 1450 936 1484 ubi
964 1461 1052 1485 vero
1070 1437 1220 1485 saturati
1241 1455 1357 1486 essent
1381 1451 1524 1487 maiori·

453 1518 544 1564 bus,
569 1516 766 1564 respiciens
791 1515 1013 1563 propinandi
1037 1527 1175 1552 morem
1199 1516 1266 1564 qui
1295 1516 1394 1564 apud
1415 1516 1523 1553 Grae-

455 1596 535 1628 cos„
560 1583 699 1630 exeptis
721 1582 1015 1618 Lacedaemoniis
1045 1582 1228 1628 obtinuit,
1253 1583 1524 1631 maioribusque

453 1649 562 1686 fiebat
592 1648 742 1697 poculis.
792 1649 913 1694 Quum
930 1660 976 1685 ex
995 1660 1039 1685 eo
1057 1654 1297 1697 quaereretur
1316 1662 1363 1686 an
1383 1649 1424 1685 in
1444 1650 1525 1699 Scy-

452 1717 532 1752 thia
552 1721 670 1751 essent
686 1716 825 1752 tibiae?
858 1728 902 1750 ne
929 1717 1020 1751 vites
1042 1713 1185 1763 quidem
1201 1716 1404 1763 respondit,
1430 1717 1525 1763 regi-

454 1794 529 1831 que
561 1781 775 1830 Scytha'rum
799 1782 836 1817 vi
858 1781 942 1817 vitis
962 1781 1114 1829 eiusque
1145 1783 1333 1818 sarmentis
1356 1782 1524 1830 ostensis,

455 1849 616 1885 addidit:
636 1850 714 1884 nisi
730 1850 923 1896 quotannis
941 1856 1162 1896 amputarent
1178 1849 1307 1885 Graeci
1322 1844 1430 1885 uitem
1449 1851 1526 1885 iam

455 1916 504 1951 ad
533 1915 683 1962 Scythas
709 1902 942 1962 pervenisset.
1003 1914 1055 1950 Cf.
1076 1915 1221 1952 Aristot.
1251 1914 1526 1963 Analyticorum

456 1986 586 2028 poster.
608 1981 636 2016 Ι.
662 1980 724 2026 12,
753 1980 808 2016 11.
826 1980 919 2016 Plut.
933 1980 1011 2016 vn.
1022 1982 1101 2029 Sap.
1119 1993 1221 2017 conv.
1234 1994 1271 2029 p.
1287 1982 1526 2030 150.D.1)iog.

457 2049 573 2085 Laert.
592 2048 620 2083 1.
641 2061 677 2083 n.
703 2047 783 2083 104.
808 2047 1018 2083 Athenaeus
1034 2048 1076 2085 X.
1100 2048 1181 2084 128.
1195 2049 1236 2085 D.
1254 2049 1293 2086 E.
1342 2050 1410 2086 llla
1433 2062 1529 2097 quae

459 2114 507 2151 de
537 2114 678 2163 Scythis
699 2119 838 2151 veteres
864 2115 1030 2151 referunt
1046 2115 1260 2165 (Herodotus
1280 2129 1312 2152 v.
1331 2129 1362 2153 c.
1383 2117 1446 2154 lib.
1466 2117 1527 2155 vl.

458 2194 537 2231 cap.
568 2182 616 2218 84
647 2182 851 2230 itidemque
881 2183 1071 2218 Anacreon
1099 2183 1167 2231 qui
1196 2186 1385 2229 Σκυθικήν
1419 2187 1527 2220 πόσιν

461 2254 654 2286 memorat.
665 2249 731 2285 Od.
743 2250 778 2285 Γ
777 2250 821 2286 V.
837 2262 885 2285 vs.
897 2248 936 2298 9)
944 2249 1127 2297 quomodo
1137 2261 1223 2285 cum
1238 2251 1336 2287 hisce
1346 2250 1528 2287 Anachar-

458 2316 544 2351 sidis
576 2315 684 2352 dictis
713 2321 1001 2363 componantur,
1029 2316 1200 2364 equidem
1232 2329 1305 2353 non
1327 2318 1527 2365 perspicio,

461 2382 549 2417 inde
578 2388 698 2419 tamen
730 2383 905 2430 consequi
938 2388 980 2419 ut
1005 2383 1314 2429 quemadmodum
1346 2384 1456 2429 haec,
1477 2384 1528 2420 sic
