<?xml version="1.0" encoding="UTF-8"?>
<!DOCTYPE html PUBLIC "-//W3C//DTD XHTML 1.0 Transitional//EN"
    "http://www.w3.org/TR/xhtml1/DTD/xhtml1-transitional.dtd">
<html xmlns="http://www.w3.org/1999/xhtml" xml:lang="en" lang="en">
 <head>
  <title>
</title>
<meta http-equiv="Content-Type" content="text/html;charset=utf-8" />
  <meta name='ocr-system' content='tesseract 3.04.00' />
  <meta name='ocr-capabilities' content='ocr_page ocr_carea ocr_par ocr_line ocrx_word'/>
</head>
<body>
  <div class='ocr_page' id='page_1' title='image "4737331_0041.png"; bbox 0 0 1745 2981; ppageno 0'>
   <div class='ocr_carea' id='block_1_1' title="bbox 784 217 875 277">
    <p class='ocr_par' dir='ltr' id='par_1_1' title="bbox 784 217 875 277">
     <span class='ocr_line' id='line_1_1' title="bbox 784 217 875 277; baseline 0 0"><span class='ocrx_word' id='word_1_1' title='bbox 784 217 875 277; x_wconf 71' lang='lat'>&#39;27</span> 
     </span>
    </p>
   </div>
   <div class='ocr_carea' id='block_1_2' title="bbox 262 384 1435 822">
    <p class='ocr_par' dir='ltr' id='par_1_2' title="bbox 262 384 1435 822">
     <span class='ocr_line' id='line_1_2' title="bbox 262 384 1430 445; baseline -0.002 -16"><span class='ocrx_word' id='word_1_2' title='bbox 262 385 363 429; x_wconf 83' lang='lat' dir='ltr'>dem</span> <span class='ocrx_word' id='word_1_3' title='bbox 381 386 583 444; x_wconf 68' lang='lat' dir='ltr'>Scyth-am</span> <span class='ocrx_word' id='word_1_4' title='bbox 604 386 880 429; x_wconf 74' lang='lat' dir='ltr'>coenmendet</span> <span class='ocrx_word' id='word_1_5' title='bbox 900 394 1054 445; x_wconf 78' lang='lat' dir='ltr'><strong>utpote</strong></span> <span class='ocrx_word' id='word_1_6' title='bbox 1067 401 1256 443; x_wconf 81' lang='lat' dir='ltr'>quorum</span> <span class='ocrx_word' id='word_1_7' title='bbox 1271 384 1430 428; x_wconf 76' lang='lat' dir='ltr'>fuerint</span> 
     </span>
     <span class='ocr_line' id='line_1_3' title="bbox 262 480 1434 539; baseline -0.003 -14"><span class='ocrx_word' id='word_1_8' title='bbox 262 481 331 532; x_wconf 74' lang='grc' dir='ltr'>εἰς</span> <span class='ocrx_word' id='word_1_9' title='bbox 366 481 428 524; x_wconf 71' lang='grc' dir='ltr'>τά</span> <span class='ocrx_word' id='word_1_10' title='bbox 470 481 583 539; x_wconf 75' lang='grc' dir='ltr'>ἔργα</span> <span class='ocrx_word' id='word_1_11' title='bbox 613 480 777 525; x_wconf 70' lang='grc' dir='ltr'><strong><em>πολλαὶ</em></strong></span> <span class='ocrx_word' id='word_1_12' title='bbox 793 519 795 521; x_wconf 90' lang='grc'>.</span> <span class='ocrx_word' id='word_1_13' title='bbox 812 481 1023 526; x_wconf 60' lang='grc' dir='ltr'>ἐπίνοιαι</span> <span class='ocrx_word' id='word_1_14' title='bbox 1058 481 1141 527; x_wconf 73' lang='grc' dir='ltr'>καὶ</span> <span class='ocrx_word' id='word_1_15' title='bbox 1171 480 1434 536; x_wconf 78' lang='grc' dir='ltr'><strong><em>ἐυμήχανοι</em></strong></span> 
     </span>
     <span class='ocr_line' id='line_1_4' title="bbox 262 571 1433 634; baseline -0.004 -14"><span class='ocrx_word' id='word_1_16' title='bbox 262 575 328 626; x_wconf 80' lang='grc' dir='ltr'>εἰς</span> <span class='ocrx_word' id='word_1_17' title='bbox 340 571 526 632; x_wconf 57' lang='grc' dir='ltr'><strong><em>τέχνας</em></strong></span> <span class='ocrx_word' id='word_1_18' title='bbox 548 577 575 630; x_wconf 78' lang='grc' dir='ltr'><em>ἤ</em></span> <span class='ocrx_word' id='word_1_19' title='bbox 593 590 736 627; x_wconf 71' lang='grc' dir='ltr'><strong><em>τινας</em></strong></span> <span class='ocrx_word' id='word_1_20' title='bbox 752 575 901 626; x_wconf 66' lang='grc' dir='ltr'><strong><em>ἄλλας</em></strong></span> <span class='ocrx_word' id='word_1_21' title='bbox 920 575 1115 634; x_wconf 77' lang='grc' dir='ltr'><strong><em>πράξεις.</em></strong></span> <span class='ocrx_word' id='word_1_22' title='bbox 1164 577 1215 617; x_wconf 90' lang='lat' dir='ltr'>Et</span> <span class='ocrx_word' id='word_1_23' title='bbox 1237 582 1433 617; x_wconf 82' lang='lat' dir='ltr'>veterum</span> 
     </span>
     <span class='ocr_line' id='line_1_5' title="bbox 262 668 1435 727; baseline -0.003 -15"><span class='ocrx_word' id='word_1_24' title='bbox 262 668 419 712; x_wconf 80' lang='lat' dir='ltr'>famam</span> <span class='ocrx_word' id='word_1_25' title='bbox 455 669 569 714; x_wconf 73' lang='lat' dir='ltr'>hanc</span> <span class='ocrx_word' id='word_1_26' title='bbox 600 669 757 724; x_wconf 83' lang='lat' dir='ltr'>fuisse,</span> <span class='ocrx_word' id='word_1_27' title='bbox 785 678 905 713; x_wconf 75' lang='lat' dir='ltr'>certe</span> <span class='ocrx_word' id='word_1_28' title='bbox 931 669 986 713; x_wconf 88' lang='lat' dir='ltr'>de</span> <span class='ocrx_word' id='word_1_29' title='bbox 1018 668 1139 727; x_wconf 81' lang='lat' dir='ltr'>figuli</span> <span class='ocrx_word' id='word_1_30' title='bbox 1165 676 1277 722; x_wconf 78' lang='lat' dir='ltr'>rota,</span> <span class='ocrx_word' id='word_1_31' title='bbox 1304 682 1435 727; x_wconf 80' lang='lat' dir='ltr'>appa-</span> 
     </span>
     <span class='ocr_line' id='line_1_6' title="bbox 263 762 1433 822; baseline -0.003 -16"><span class='ocrx_word' id='word_1_32' title='bbox 263 770 395 806; x_wconf 78' lang='lat' dir='ltr'>ret-ex</span> <span class='ocrx_word' id='word_1_33' title='bbox 410 763 630 806; x_wconf 81' lang='lat' dir='ltr'>Posidonii</span> <span class='ocrx_word' id='word_1_34' title='bbox 647 762 1036 822; x_wconf 81' lang='lat' dir='ltr'>auctoritate-apud</span> <span class='ocrx_word' id='word_1_35' title='bbox 1058 766 1263 805; x_wconf 60' lang='lat' dir='ltr'>Senecam</span> <span class='ocrx_word' id='word_1_36' title='bbox 1279 764 1354 819; x_wconf 78' lang='lat' dir='ltr'>Ep.</span> <span class='ocrx_word' id='word_1_37' title='bbox 1377 775 1433 817; x_wconf 86' lang='lat'>90</span> 
     </span>
    </p>
   </div>
   <div class='ocr_carea' id='block_1_3' title="bbox 263 856 1323 915">
    <p class='ocr_par' dir='ltr' id='par_1_3' title="bbox 263 856 1323 915">
     <span class='ocr_line' id='line_1_7' title="bbox 263 856 1323 915; baseline -0.002 -15"><span class='ocrx_word' id='word_1_38' title='bbox 263 860 341 915; x_wconf 87' lang='lat' dir='ltr'>qui</span> <span class='ocrx_word' id='word_1_39' title='bbox 360 871 535 901; x_wconf 77' lang='lat' dir='ltr'>versum</span> <span class='ocrx_word' id='word_1_40' title='bbox 554 860 684 902; x_wconf 82' lang='lat' dir='ltr'>etiam</span> <span class='ocrx_word' id='word_1_41' title='bbox 705 860 987 902; x_wconf 74' lang='lat' dir='ltr'>Homericum-</span> <span class='ocrx_word' id='word_1_42' title='bbox 1003 857 1110 904; x_wconf 73' lang='lat' dir='ltr'>Iliad</span> <span class='ocrx_word' id='word_1_43' title='bbox 1129 862 1188 902; x_wconf 82' lang='grc' dir='ltr'>Σ.</span> <span class='ocrx_word' id='word_1_44' title='bbox 1217 856 1323 900; x_wconf 86' lang='lat'>600:</span> 
     </span>
    </p>
   </div>
   <div class='ocr_carea' id='block_1_4' title="bbox 409 1012 1293 1136">
    <p class='ocr_par' dir='ltr' id='par_1_4' title="bbox 409 1012 1293 1136">
     <span class='ocr_line' id='line_1_8' title="bbox 409 1012 1270 1065; baseline 0.002 -14"><span class='ocrx_word' id='word_1_45' title='bbox 409 1015 460 1058; x_wconf 78' lang='grc' dir='ltr'>ὥς</span> <span class='ocrx_word' id='word_1_46' title='bbox 485 1014 545 1052; x_wconf 81' lang='grc' dir='ltr'>ὅτε</span> <span class='ocrx_word' id='word_1_47' title='bbox 571 1028 627 1058; x_wconf 74' lang='grc' dir='ltr'>τις</span> <span class='ocrx_word' id='word_1_48' title='bbox 652 1015 782 1065; x_wconf 77' lang='grc' dir='ltr'><strong><em>τράχον</em></strong></span> <span class='ocrx_word' id='word_1_49' title='bbox 807 1018 966 1062; x_wconf 77' lang='grc' dir='ltr'><em>ἄρμενον</em></span> <span class='ocrx_word' id='word_1_50' title='bbox 994 1017 1034 1052; x_wconf 81' lang='grc' dir='ltr'>ἐν</span> <span class='ocrx_word' id='word_1_51' title='bbox 1060 1012 1270 1062; x_wconf 74' lang='grc' dir='ltr'><em>παλάμῃσιν</em></span> 
     </span>
     <span class='ocr_line' id='line_1_9' title="bbox 412 1084 1293 1136; baseline 0.001 -13"><span class='ocrx_word' id='word_1_52' title='bbox 412 1085 578 1133; x_wconf 73' lang='grc' dir='ltr'>ἑζόμενος</span> <span class='ocrx_word' id='word_1_53' title='bbox 604 1088 777 1136; x_wconf 74' lang='grc' dir='ltr'>κεραμεύς</span> <span class='ocrx_word' id='word_1_54' title='bbox 801 1089 1023 1136; x_wconf 81' lang='grc' dir='ltr'><strong><em>πειρήσεται,</em></strong></span> <span class='ocrx_word' id='word_1_55' title='bbox 1056 1084 1137 1123; x_wconf 77' lang='grc' dir='ltr'>αἴκε</span> <span class='ocrx_word' id='word_1_56' title='bbox 1164 1089 1293 1135; x_wconf 73' lang='grc' dir='ltr'>θεῇσιν</span> 
     </span>
    </p>
   </div>
   <div class='ocr_carea' id='block_1_5' title="bbox 256 1226 1437 2317">
    <p class='ocr_par' dir='ltr' id='par_1_5' title="bbox 256 1226 1437 2317">
     <span class='ocr_line' id='line_1_10' title="bbox 263 1226 1434 1288; baseline -0.002 -17"><span class='ocrx_word' id='word_1_57' title='bbox 263 1227 362 1271; x_wconf 92' lang='lat' dir='ltr'>ideo</span> <span class='ocrx_word' id='word_1_58' title='bbox 398 1230 595 1288; x_wconf 88' lang='lat' dir='ltr'>spurium</span> <span class='ocrx_word' id='word_1_59' title='bbox 630 1242 722 1271; x_wconf 90' lang='lat' dir='ltr'>esse</span> <span class='ocrx_word' id='word_1_60' title='bbox 751 1227 941 1281; x_wconf 85' lang='lat' dir='ltr'>volebat;</span> <span class='ocrx_word' id='word_1_61' title='bbox 972 1242 1058 1286; x_wconf 88' lang='lat' dir='ltr'>qua</span> <span class='ocrx_word' id='word_1_62' title='bbox 1082 1226 1136 1270; x_wconf 92' lang='lat' dir='ltr'>de</span> <span class='ocrx_word' id='word_1_63' title='bbox 1163 1242 1208 1270; x_wconf 80' lang='lat' dir='ltr'>re</span> <span class='ocrx_word' id='word_1_64' title='bbox 1231 1226 1337 1270; x_wconf 85' lang='lat' dir='ltr'>nihil</span> <span class='ocrx_word' id='word_1_65' title='bbox 1359 1242 1434 1270; x_wconf 82' lang='lat' dir='ltr'>an-</span> 
     </span>
     <span class='ocr_line' id='line_1_11' title="bbox 262 1321 1436 1364; baseline 0 -1"><span class='ocrx_word' id='word_1_66' title='bbox 262 1329 440 1364; x_wconf 83' lang='lat' dir='ltr'>notatur</span> <span class='ocrx_word' id='word_1_67' title='bbox 469 1324 514 1362; x_wconf 90' lang='lat' dir='ltr'>in</span> <span class='ocrx_word' id='word_1_68' title='bbox 543 1324 716 1363; x_wconf 78' lang='lat' dir='ltr'>Homeri</span> <span class='ocrx_word' id='word_1_69' title='bbox 738 1321 932 1363; x_wconf 89' lang='lat' dir='ltr'>Scholiis.</span> <span class='ocrx_word' id='word_1_70' title='bbox 993 1325 1039 1362; x_wconf 90' lang='lat' dir='ltr'>In</span> <span class='ocrx_word' id='word_1_71' title='bbox 1064 1321 1323 1364; x_wconf 85' lang='lat' dir='ltr'>Scholiastae</span> <span class='ocrx_word' id='word_1_72' title='bbox 1347 1321 1436 1363; x_wconf 81' lang='lat' dir='ltr'>Pla·</span> 
     </span>
     <span class='ocr_line' id='line_1_12' title="bbox 264 1414 1437 1458; baseline 0.001 -2"><span class='ocrx_word' id='word_1_73' title='bbox 264 1416 396 1457; x_wconf 87' lang='lat' dir='ltr'>tonici</span> <span class='ocrx_word' id='word_1_74' title='bbox 418 1414 560 1457; x_wconf 84' lang='lat' dir='ltr'>verbis</span> <span class='ocrx_word' id='word_1_75' title='bbox 580 1417 731 1458; x_wconf 88' lang='lat' dir='ltr'>vitium</span> <span class='ocrx_word' id='word_1_76' title='bbox 757 1417 1013 1458; x_wconf 88' lang='lat' dir='ltr'>remansisse</span> <span class='ocrx_word' id='word_1_77' title='bbox 1034 1415 1140 1456; x_wconf 91' lang='lat' dir='ltr'>mihi</span> <span class='ocrx_word' id='word_1_78' title='bbox 1163 1414 1351 1457; x_wconf 82' lang='lat' dir='ltr'>videtur:</span> <span class='ocrx_word' id='word_1_79' title='bbox 1375 1414 1437 1457; x_wconf 91' lang='lat' dir='ltr'>di-</span> 
     </span>
     <span class='ocr_line' id='line_1_13' title="bbox 263 1501 1431 1562; baseline 0.004 -14"><span class='ocrx_word' id='word_1_80' title='bbox 263 1508 374 1548; x_wconf 88' lang='lat' dir='ltr'>citur</span> <span class='ocrx_word' id='word_1_81' title='bbox 388 1509 523 1549; x_wconf 90' lang='lat' dir='ltr'>enim:</span> <span class='ocrx_word' id='word_1_82' title='bbox 547 1501 682 1557; x_wconf 81' lang='grc' dir='ltr'><em>οὗτος</em></span> <span class='ocrx_word' id='word_1_83' title='bbox 699 1508 894 1560; x_wconf 77' lang='grc' dir='ltr'><em>ἐξενώθη</em></span> <span class='ocrx_word' id='word_1_84' title='bbox 913 1509 962 1552; x_wconf 79' lang='grc' dir='ltr'>ἐν</span> <span class='ocrx_word' id='word_1_85' title='bbox 980 1507 1209 1562; x_wconf 80' lang='grc' dir='ltr'><em>’Λθήναις</em></span> <span class='ocrx_word' id='word_1_86' title='bbox 1224 1509 1431 1562; x_wconf 81' lang='grc' dir='ltr'><strong><em>Σόλωνι,</em></strong></span> 
     </span>
     <span class='ocr_line' id='line_1_14' title="bbox 260 1599 1433 1657; baseline 0.003 -15"><span class='ocrx_word' id='word_1_87' title='bbox 260 1600 344 1643; x_wconf 81' lang='grc' dir='ltr'>καὶ</span> <span class='ocrx_word' id='word_1_88' title='bbox 362 1600 626 1645; x_wconf 79' lang='grc' dir='ltr'><strong><em>ἐπανελθὼν</em></strong></span> <span class='ocrx_word' id='word_1_89' title='bbox 643 1601 708 1651; x_wconf 79' lang='grc' dir='ltr'>εἰς</span> <span class='ocrx_word' id='word_1_90' title='bbox 725 1603 807 1654; x_wconf 84' lang='grc' dir='ltr'>τὴν</span> <span class='ocrx_word' id='word_1_91' title='bbox 823 1599 1070 1654; x_wconf 68' lang='grc' dir='ltr'><strong><em>Σκυθίαν,</em></strong></span> <span class='ocrx_word' id='word_1_92' title='bbox 1093 1603 1179 1655; x_wconf 81' lang='grc' dir='ltr'>ἔθη</span> <span class='ocrx_word' id='word_1_93' title='bbox 1196 1602 1433 1657; x_wconf 77' lang='grc' dir='ltr'><strong><em>Ἑλληνικαὶ</em></strong></span> 
     </span>
     <span class='ocr_line' id='line_1_15' title="bbox 262 1693 1430 1755; baseline 0 -16"><span class='ocrx_word' id='word_1_94' title='bbox 262 1693 602 1755; x_wconf 76' lang='grc' dir='ltr'><em>παραδιδάξαι,</em></span> <span class='ocrx_word' id='word_1_95' title='bbox 635 1695 845 1749; x_wconf 78' lang='grc' dir='ltr'><strong><em>ἐτοξεύθη</em></strong></span> <span class='ocrx_word' id='word_1_96' title='bbox 860 1695 948 1740; x_wconf 81' lang='grc' dir='ltr'>ὑπὸ</span> <span class='ocrx_word' id='word_1_97' title='bbox 968 1701 1047 1740; x_wconf 84' lang='grc' dir='ltr'>τοῦ</span> <span class='ocrx_word' id='word_1_98' title='bbox 1067 1695 1281 1753; x_wconf 73' lang='grc' dir='ltr'><em>ἄδελφοῡε</em></span> <span class='ocrx_word' id='word_1_99' title='bbox 1299 1723 1363 1730; x_wconf 90' lang='grc'>--</span> <span class='ocrx_word' id='word_1_100' title='bbox 1384 1699 1430 1740; x_wconf 91' lang='lat' dir='ltr'>in</span> 
     </span>
     <span class='ocr_line' id='line_1_16' title="bbox 261 1788 1430 1849; baseline 0.002 -19"><span class='ocrx_word' id='word_1_101' title='bbox 261 1788 421 1846; x_wconf 92' lang='lat' dir='ltr'>quibus</span> <span class='ocrx_word' id='word_1_102' title='bbox 455 1789 638 1832; x_wconf 82' lang='lat' dir='ltr'>verbum</span> <span class='ocrx_word' id='word_1_103' title='bbox 676 1789 996 1848; x_wconf 78' lang='grc' dir='ltr'><em>παραδιδάξαι</em></span> <span class='ocrx_word' id='word_1_104' title='bbox 1031 1794 1219 1849; x_wconf 87' lang='lat' dir='ltr'>primum</span> <span class='ocrx_word' id='word_1_105' title='bbox 1254 1791 1353 1833; x_wconf 90' lang='lat' dir='ltr'>ideo</span> <span class='ocrx_word' id='word_1_106' title='bbox 1386 1793 1430 1832; x_wconf 93' lang='lat' dir='ltr'>in</span> 
     </span>
     <span class='ocr_line' id='line_1_17' title="bbox 261 1883 1433 1942; baseline 0.002 -18"><span class='ocrx_word' id='word_1_107' title='bbox 261 1885 551 1940; x_wconf 79' lang='lat' dir='ltr'>suspicionem</span> <span class='ocrx_word' id='word_1_108' title='bbox 573 1886 709 1938; x_wconf 89' lang='lat' dir='ltr'>venit,</span> <span class='ocrx_word' id='word_1_109' title='bbox 733 1887 941 1942; x_wconf 87' lang='lat' dir='ltr'>quoniam</span> <span class='ocrx_word' id='word_1_110' title='bbox 959 1884 1043 1927; x_wconf 89' lang='lat' dir='ltr'>tale</span> <span class='ocrx_word' id='word_1_111' title='bbox 1064 1883 1266 1938; x_wconf 87' lang='lat' dir='ltr'>verbum,</span> <span class='ocrx_word' id='word_1_112' title='bbox 1296 1899 1433 1941; x_wconf 90' lang='lat' dir='ltr'><strong>quan·</strong></span> 
     </span>
     <span class='ocr_line' id='line_1_18' title="bbox 259 1978 1432 2036; baseline 0.001 -18"><span class='ocrx_word' id='word_1_113' title='bbox 259 1985 354 2019; x_wconf 88' lang='lat' dir='ltr'>tum</span> <span class='ocrx_word' id='word_1_114' title='bbox 391 1979 500 2031; x_wconf 86' lang='lat' dir='ltr'>scio,</span> <span class='ocrx_word' id='word_1_115' title='bbox 530 1979 700 2035; x_wconf 83' lang='lat' dir='ltr'>ignorat</span> <span class='ocrx_word' id='word_1_116' title='bbox 734 1981 897 2021; x_wconf 82' lang='lat' dir='ltr'>Graeca</span> <span class='ocrx_word' id='word_1_117' title='bbox 929 1978 1094 2035; x_wconf 86' lang='lat' dir='ltr'>lingua,</span> <span class='ocrx_word' id='word_1_118' title='bbox 1124 1987 1218 2020; x_wconf 88' lang='lat' dir='ltr'>tum</span> <span class='ocrx_word' id='word_1_119' title='bbox 1249 1986 1432 2036; x_wconf 89' lang='lat' dir='ltr'>propter</span> 
     </span>
     <span class='ocr_line' id='line_1_19' title="bbox 257 2070 1431 2128; baseline 0.001 -15"><span class='ocrx_word' id='word_1_120' title='bbox 257 2073 467 2128; x_wconf 75' lang='lat' dir='ltr'>syntaxin,</span> <span class='ocrx_word' id='word_1_121' title='bbox 527 2070 770 2113; x_wconf 88' lang='lat' dir='ltr'>Infinitivus</span> <span class='ocrx_word' id='word_1_122' title='bbox 803 2074 981 2114; x_wconf 84' lang='lat' dir='ltr'>vitiosus</span> <span class='ocrx_word' id='word_1_123' title='bbox 1017 2080 1099 2114; x_wconf 86' lang='lat' dir='ltr'>est:</span> <span class='ocrx_word' id='word_1_124' title='bbox 1130 2086 1275 2128; x_wconf 89' lang='lat' dir='ltr'>neque</span> <span class='ocrx_word' id='word_1_125' title='bbox 1311 2074 1431 2114; x_wconf 91' lang='lat' dir='ltr'>enim</span> 
     </span>
     <span class='ocr_line' id='line_1_20' title="bbox 257 2164 1427 2223; baseline 0 -17"><span class='ocrx_word' id='word_1_126' title='bbox 257 2179 311 2207; x_wconf 92' lang='lat' dir='ltr'>eo</span> <span class='ocrx_word' id='word_1_127' title='bbox 347 2164 529 2207; x_wconf 89' lang='lat' dir='ltr'>consilio</span> <span class='ocrx_word' id='word_1_128' title='bbox 562 2164 730 2207; x_wconf 86' lang='lat' dir='ltr'>redibat</span> <span class='ocrx_word' id='word_1_129' title='bbox 760 2166 806 2206; x_wconf 86' lang='lat' dir='ltr'>in</span> <span class='ocrx_word' id='word_1_130' title='bbox 833 2166 1013 2223; x_wconf 82' lang='lat' dir='ltr'>patriam</span> <span class='ocrx_word' id='word_1_131' title='bbox 1038 2173 1088 2206; x_wconf 86' lang='lat' dir='ltr'>ut</span> <span class='ocrx_word' id='word_1_132' title='bbox 1110 2165 1207 2222; x_wconf 81' lang='grc' dir='ltr'>(ὡς)</span> <span class='ocrx_word' id='word_1_133' title='bbox 1239 2167 1427 2207; x_wconf 88' lang='lat' dir='ltr'>Graecos</span> 
     </span>
     <span class='ocr_line' id='line_1_21' title="bbox 256 2257 1426 2317; baseline 0.001 -16"><span class='ocrx_word' id='word_1_134' title='bbox 256 2273 399 2303; x_wconf 83' lang='lat' dir='ltr'>mores</span> <span class='ocrx_word' id='word_1_135' title='bbox 417 2259 614 2313; x_wconf 83' lang='lat' dir='ltr'>doceret3</span> <span class='ocrx_word' id='word_1_136' title='bbox 645 2258 720 2302; x_wconf 89' lang='lat' dir='ltr'>sed</span> <span class='ocrx_word' id='word_1_137' title='bbox 740 2258 839 2302; x_wconf 87' lang='lat' dir='ltr'>ideo</span> <span class='ocrx_word' id='word_1_138' title='bbox 857 2257 979 2317; x_wconf 90' lang='lat' dir='ltr'>quod</span> <span class='ocrx_word' id='word_1_139' title='bbox 997 2259 1211 2301; x_wconf 89' lang='lat' dir='ltr'>eiusmodi</span> <span class='ocrx_word' id='word_1_140' title='bbox 1229 2261 1426 2302; x_wconf 87' lang='lat' dir='ltr'>instituta</span> 
     </span>
    </p>
   </div>
   <div class='ocr_carea' id='block_1_6' title="bbox 257 2352 1425 2408">
    <p class='ocr_par' dir='ltr' id='par_1_6' title="bbox 257 2352 1425 2408">
     <span class='ocr_line' id='line_1_22' title="bbox 257 2352 1425 2408; baseline 0.001 -11"><span class='ocrx_word' id='word_1_141' title='bbox 257 2353 506 2408; x_wconf 82' lang='lat' dir='ltr'>exercebat,</span> <span class='ocrx_word' id='word_1_142' title='bbox 538 2352 791 2397; x_wconf 83' lang='lat' dir='ltr'>interfectus</span> <span class='ocrx_word' id='word_1_143' title='bbox 820 2361 896 2396; x_wconf 84' lang='lat' dir='ltr'>est.</span> <span class='ocrx_word' id='word_1_144' title='bbox 957 2353 1107 2396; x_wconf 89' lang='lat' dir='ltr'>Suidas</span> <span class='ocrx_word' id='word_1_145' title='bbox 1130 2352 1252 2407; x_wconf 79' lang='lat' dir='ltr'>dicit,</span> <span class='ocrx_word' id='word_1_146' title='bbox 1280 2353 1425 2405; x_wconf 80' lang='grc' dir='ltr'><strong><em>Ἓλλη-</em></strong></span> 
     </span>
    </p>
   </div>
  </div>
 </body>
</html>
