1745 2981
804 219 861 264 23

239 370 571 427 ·ριθμούμενοι,
604 382 717 425 quae
741 370 805 410 sic
835 370 1165 427 interpretatur:
1201 371 1418 416 orationes

247 478 349 505 suas
366 472 520 504 temere
542 469 826 509 annumerant
845 460 1112 503 audientibus
1134 470 1178 502 et
1194 460 1250 502 ab
1272 461 1342 502 his
1363 465 1419 503 νί-

248 560 399 623 cissem
432 556 698 614 decipiuntur
731 555 1050 600 annumeranda
1079 555 1290 598 mercede.-
1325 565 1422 604 tum

247 649 529 697 confirmatur
550 649 637 693 hoc
658 651 913 697 auctoritate
932 648 1123 703 Stobaei‚
1145 647 1263 708 apud
1286 663 1420 706 quem

248 746 294 784 in
320 743 406 785 Ecl.
435 743 532 785 Eth.
563 757 605 803 p.
645 743 723 787 183
749 746 854 786 item
878 745 1197 801 παραριθμεῐν
1215 751 1259 785 et
1277 758 1421 800 παρα-

247 841 531 896 ριθμεῐσθαι
558 837 611 879 de
626 837 790 893 fraude
819 837 1040 881 dicuntur.

307 934 371 974 De
406 931 494 984 his,
524 934 561 974 si
592 947 616 975 a
646 940 768 975 tanto
801 934 894 974 viro
923 930 1151 973 dissentire
1182 930 1304 983 licet,
1337 932 1422 989 pri-

249 1040 369 1067 mum
414 1024 500 1067 hoc
541 1018 822 1067 aniniadverti
865 1023 991 1066 velim
1010 1055 1022 1077 ,
1073 1023 1287 1067 eiusmodi
1330 1038 1421 1066 esse

247 1115 546 1160 Anacharsidis
568 1104 756 1168 dictam,
786 1124 836 1157 ut
858 1119 902 1158 in
927 1130 998 1168 eo,
1029 1116 1150 1173 quod
1175 1115 1422 1168 confertur,

247 1224 337 1251 non
347 1212 593 1266 requiratur
605 1212 820 1267 passivum
833 1209 1312 1267 (noeeoepfflflohmvoc)z
1327 1219 1421 1252 tum

248 1301 531 1356 concedetur,
551 1311 601 1345 ut
623 1305 800 1362 opinor,
823 1305 860 1349 si
878 1305 1285 1361 παραριθμοῦντες
1306 1311 1423 1347 recte

249 1396 412 1439 dictum
449 1398 523 1449 sit,
553 1395 708 1443 eodem
742 1395 890 1448 modo,
920 1395 1049 1437 simili
1070 1398 1285 1439 sententia
1307 1405 1422 1439 recte

248 1490 443 1533 additum
473 1505 567 1539 esse
597 1493 788 1548 potuisse
814 1495 1234 1549 παραμετροῦντες,
1271 1495 1420 1549 itaque

249 1586 424 1642 proprie
458 1582 619 1627 nullam
650 1598 742 1626 esse
773 1585 1006 1638 rationem,
1042 1598 1180 1641 quare
1207 1587 1421 1644 scriptura

249 1679 295 1719 in
322 1677 556 1724 Plutarcho
590 1685 794 1721 mutetur.
855 1677 1083 1735 Reliquum
1110 1686 1175 1720 est
1205 1687 1255 1721 ut
1289 1694 1421 1737 quae-

252 1784 415 1823 ranms,
455 1769 561 1827 quid
593 1772 652 1815 sit
688 1774 1002 1829 naeoeofflmtr
1036 1779 1082 1816 ‚et
1118 1780 1424 1831 παραμετρεῖν

233 1862 358 1928 τοὺς
378 1862 556 1921 λόγους,
619 1865 719 1910 Non
739 1872 859 1912 certe
877 1872 948 1907 *est
968 1864 1268 1920 adnummre,
1291 1869 1422 1913 sicuti

252 1963 553 2014 παραμετρεῖν
586 1956 702 2015 apud
737 1956 1015 2005 Plutarchum
1045 1958 1118 2005 bis
1155 1959 1316 2007 dicitur
1355 1975 1373 2004 ι
1386 1976 1420 2003 1.

253 2065 295 2110 p.
333 2052 455 2102 1042.
487 2053 537 2094 D.
565 2058 608 2093 et
628 2065 671 2109 p.
700 2049 822 2098 1063,
841 2053 895 2099 D,
954 2050 1037 2096 Sed
1059 2050 1190 2097 debet
1207 2050 1424 2111 siguifica-

253 2148 315 2189 tio
351 2146 582 2191 convenire
619 2158 721 2189 cum
751 2146 802 2186 iis
824 2135 941 2201 'quae
966 2144 1230 2203 praecedunt
1258 2147 1422 2203 χρείας

252 2240 337 2286 καὶ
355 2239 565 2299 ἱστορίας
586 2237 933 2297 ἀναλεγόμενοι.
986 2240 1284 2296 Neque-etiam
1294 2238 1424 2294 frau-

251 2332 320 2375 dc's
348 2332 606 2391 significatio
638 2335 777 2376 inesse
802 2340 962 2391 potest,
993 2333 1200 2390 quoniam
1233 2334 1277 2374 in
1313 2335 1423 2376 Ana-
