1745 2981
952 238 982 280 4

383 388 529 441 initio,
556 385 721 441 verbiS,
743 385 946 431 πολλοῖσι
961 384 1014 431 δὲ
1038 387 1186 446 κάρτα
1204 386 1351 432 ἔτεσιν
1370 387 1559 447 ὕστερον

381 483 565 535 Σκύλης
590 497 634 525 κ.
658 499 699 525 τ.
724 481 763 525 λ.
827 481 909 524 Sed
948 483 1038 540 ipsa
1070 481 1179 524 haec
1213 483 1334 540 prior
1369 484 1559 525 narratio

380 591 460 635 per
492 576 759 619 Herodoteas
788 576 991 635 ambages
1022 585 1177 627 tracta,
1211 591 1262 619 ex
1284 576 1560 620 anacoluthia

380 670 632 729 explicanda
672 678 748 712 est.
809 672 1001 712 Primum
1039 672 1176 724 enim,
1212 679 1312 729 post
1344 673 1554 729 protasin‚

380 781 493 824 quae
517 769 768 809 continetur
797 766 938 808 verbis
962 767 1122 810 ἐπείτε
1148 781 1288 824 usque
1318 767 1373 810 ad
1396 768 1560 823 ἐκομί-

379 864 480 915 ζετο
512 861 561 912 ἐς
592 863 708 915 ἤθεα
738 860 798 904 τοὶ
817 863 1067 914 Σκυθέων,
1100 859 1216 903 nulla
1237 859 1410 903 videtur
1431 862 1556 918 sequi

377 960 592 1020 apodosis.
651 958 733 1002 Sed
757 958 854 1001 loco
882 959 1125 1001 accuratius
1152 959 1349 1016 inspecto
1374 971 1560 1016 sequen·

340 1083 344 1087 -
379 1056 459 1107 tia,
489 1054 635 1097 πλέων
656 1051 711 1095 δέ
731 1066 872 1109 usque
895 1051 950 1093 ad
972 1049 1245 1106 παννυχίδα
1268 1053 1467 1103 στήσειν,
1491 1048 1551 1091 di-

375 1150 644 1205 gressionem
663 1156 739 1189 aut
762 1145 1041 1205 parenthesin
1064 1148 1305 1196 continent;
1330 1153 1372 1185 et
1396 1146 1557 1186 instau-

376 1249 497 1286 ratur
510 1242 695 1300 protasis
716 1239 783 1281 his
799 1237 940 1281 verbis
962 1252 1074 1296 quae
1092 1237 1405 1297 subiiciuntur,
1425 1237 1489 1287 ὡς
1505 1234 1556 1281 δὲ

375 1333 564 1378 ἀπίκετο
592 1358 670 1386 —,
701 1340 912 1390 sequente
940 1330 1131 1391 apodosi.
1193 1333 1244 1372 Et
1282 1345 1383 1372 sane
1422 1332 1555 1372 corri-

374 1427 514 1487 genda
536 1426 689 1469 fuisset
708 1427 1021 1483 interpunctio,
1049 1438 1139 1480 quo
1161 1423 1247 1468 hoc
1269 1422 1393 1465 facile
1414 1422 1557 1480 legen-

373 1522 492 1564 tibus
523 1529 762 1580 appareret.

435 1615 554 1659 Nihil
574 1616 708 1672 magis
723 1612 1019 1655 Herodoteum
1034 1620 1099 1655 est
1115 1627 1249 1670 quam
1268 1612 1385 1655 istud
1403 1613 1555 1658 ἐπείτε

377 1725 460 1769 pro
481 1699 666 1767 simplici
684 1708 778 1751 ἐπεὶ
796 1715 871 1750 aut
889 1704 1051 1760 ἐπειδὴ.
1081 1705 1161 1749 Sed
1179 1706 1408 1765 aliquoties
1424 1708 1556 1752 credo

376 1802 716 1856 restituendum,
757 1799 836 1843 uhi
866 1814 985 1842 nunc
1014 1799 1292 1843 obliteratum
1323 1810 1409 1844 est:
1452 1818 1490 1844 v.
1520 1818 1555 1845 c.

377 1898 452 1941 lib.
477 1901 507 1939 I.
535 1912 626 1955 cap.
662 1895 762 1948 116,
795 1893 1025 1952 legendum
1051 1895 1131 1936 erit
1155 1894 1256 1937 ἐπεί
1273 1911 1319 1939 τε
1337 1893 1389 1938 δὲ
1409 1896 1554 1940 ὑπελέ-

376 1993 528 2038 λειπτο
553 1992 580 2035 ὁ
601 1989 834 2048 βουκόλος
854 1991 1043 2044 μοῦνος.
1094 1990 1257 2030 Iterum
1281 1987 1352 2030 lib.
1368 1992 1445 2043 IX,
1460 2004 1551 2049 cap.

384 2105 399 2130 1
413 2104 478 2146 17.
502 2089 596 2130 init.
657 2088 801 2142 Atque
824 2086 882 2127 ita
914 2090 1127 2141 perpetuo
1151 2083 1346 2141 suspicor
1365 2084 1556 2127 scriben-

377 2183 484 2226 dum
508 2196 601 2225 esse
627 2180 703 2223 ubi
717 2188 971 2238 postquam,
996 2178 1045 2229 ἐξ
1067 2170 1139 2231 οὗ,
1170 2177 1393 2236 significat.

436 2278 586 2319 Statim
600 2273 721 2333 quod
737 2275 953 2331 sequitur,
968 2270 1308 2329 ἀποδεξάμενος
1317 2298 1377 2305 -
1386 2275 1555 2330 σοφίην

374 2370 564 2423 πολλὴν,
590 2371 658 2410 vix
680 2368 857 2426 probari
880 2382 1005 2426 posse
1026 2367 1132 2410 mihi
1154 2367 1337 2411 videtur.
1397 2368 1553 2412 Defen-
