1745 2981
885 234 939 275 18

328 382 419 438 ipse
439 380 710 438 quaerendo:
735 379 812 423 ubi
829 383 954 440 ponis
977 380 1090 435 illos,
1115 382 1193 438 qui
1213 380 1359 439 plures
1379 383 1499 436 sunt·¹

328 476 415 518 sive
435 475 555 533 quod
573 475 726 517 eodem
743 475 872 529 redit,
892 475 970 517 ubi
989 478 1116 534 ponis
1136 484 1356 529 mortuos3
1377 478 1499 533 quod

328 570 364 610 si
385 567 494 612 alter
517 568 746 623 intellexit,
780 584 848 613 me
884 579 928 613 et
961 570 1069 623 aliis,
1107 568 1289 613 fortasse
1327 570 1498 623 multis,

328 661 446 704 haud
475 662 607 721 paulo
636 660 768 704 fuerit
798 664 1085 721 perspicacior
1114 675 1290 706 necesse
1321 671 1398 706 est.

384 758 680 799 Temerarium
712 755 894 799 fortasse
923 765 1009 809 est,
1048 767 1117 798 me
1151 764 1250 814 post
1286 757 1502 800 Casaubo-

327 863 456 904 num‚
479 850 608 897 talem
630 858 890 907 tantumque
911 852 1072 903 virum,
1095 850 1259 907 aliquid
1279 850 1387 892 velle
1408 865 1501 892 mu-

327 951 437 997 tare,
460 945 715 1002 praesertim
736 957 854 986 meae
879 943 986 985 mihi
1006 945 1227 986 tenuitatis
1254 945 1500 986 conscium:

325 1045 516 1091 attamen
552 1052 665 1095 quae
698 1039 743 1080 in
775 1046 966 1081 mentem
998 1038 1105 1080 mihi
1126 1052 1302 1092 venere,
1332 1041 1502 1098 suppri-

327 1131 484 1174 menda
499 1145 588 1173 non
603 1130 998 1190 duxi,peritiorum
1011 1131 1221 1175 iudicium
1236 1141 1502 1192 exspectans,

324 1224 578 1267 melioribus
601 1225 718 1266 ultro
736 1238 787 1267 ac
808 1224 1012 1267 lubenter
1034 1238 1128 1268 mea
1146 1227 1480 1284 postpositurus.

382 1317 509 1377 Apud
536 1325 704 1361 veteres
738 1317 898 1360 multos
927 1315 1059 1360 fuisse
1089 1320 1285 1375 quicum
1309 1321 1502 1377 corpori-

263 1471 267 1474 *
323 1412 408 1455 bus
438 1411 568 1455 simul
599 1412 766 1454 animos
798 1413 976 1456 interire
1007 1419 1139 1469 atque
1179 1414 1326 1454 omnia
1361 1419 1502 1454 morte

324 1506 459 1548 deleri
488 1506 739 1558 statuerint,
778 1518 877 1547 cum
907 1504 1080 1548 aliunde
1105 1513 1199 1547 tum
1232 1520 1284 1548 ex
1312 1505 1502 1549 Platonis

324 1600 460 1653 libris,
478 1601 732 1658 praesertim
747 1597 979 1641 Phaedone
992 1598 1339 1655 novimus(1).1d
1358 1601 1500 1657 ipsum

323 1694 450 1736 etiam
482 1695 526 1734 in
560 1690 860 1735 Anacharsidis
894 1689 1014 1733 dicto
1045 1689 1374 1750 deprehendere
1393 1691 1502 1735 mihi

324 1785 486 1828 videor.
549 1787 646 1827 Utri
669 1793 771 1826 sunt
793 1784 959 1842 plures,
991 1798 1044 1827 ex
1065 1799 1118 1827 eo
1144 1788 1386 1843 quaeritur,
1417 1788 1501 1828 vivi

325 1896 378 1924 an
401 1883 581 1923 mortui:
614 1880 849 1940 respondet
865 1882 910 1923 in
930 1880 1051 1924 hunc
1073 1896 1271 1934 sensum,
1304 1891 1353 1925 ut
1372 1885 1502 1941 signi-

324 1974 425 2017 ficet
457 1990 502 2017 se
529 1973 767 2017 admodum
787 1973 1008 2029 dubitare,
1038 1989 1145 2016 num
1167 1975 1222 2018 de
1243 1978 1427 2019 mortuis
1444 1979 1503 2021 ita

323 2070 447 2128 loqui
475 2072 709 2128 possimus,
747 2072 872 2127 qnasi
904 2068 1048 2112 adhue
1081 2071 1185 2123 sint,
1225 2078 1358 2127 atque
1392 2070 1501 2114 adeo

367 2297 422 2346 (1)
447 2299 498 2334 Cf.
532 2298 602 2334 Cic.
635 2299 736 2334 Tuse.
766 2299 907 2342 Quaest.
940 2298 1005 2333 lib.
1041 2298 1069 2334 Ι.
1095 2310 1172 2344 cap.
1200 2300 1233 2333 5.
1260 2310 1334 2345 seq.
1360 2302 1397 2334 et
1421 2298 1508 2335 Cato

446 2375 527 2410 cap.
553 2364 586 2398 4.
