1745 2981
896 248 953 293 30

328 397 492 437 otiosae
511 395 828 450 delectationis,
853 400 942 439 veri
959 405 1104 440 tamen
1123 411 1173 440 ac
1195 396 1322 440 solidi
1340 397 1507 440 fructus

326 503 482 547 parum
512 489 686 533 habere.

880 625 950 665 111.

389 775 570 832 Egregie
614 776 681 815 vir
724 773 785 815 Cl.
836 771 1090 830 Peerlkamp
1136 770 1269 814 verba
1317 773 1508 813 Terentii

329 871 494 926 Hecyra
522 871 554 910 I.
592 883 607 909 1
621 883 657 910 1.
689 867 758 909 88.
789 866 880 908 »ad
902 866 1144 924 exemplum
1169 865 1392 908 ambarum
1420 881 1509 908 mo-

332 978 399 1004 res
442 976 588 1003 earum
633 959 909 1002 eaec'stimans”
955 962 1014 1003 ita
1050 960 1234 1019 explicat
1278 958 1341 1001 ad
1381 961 1510 1002 vitam

331 1055 556 1098 ambarum
586 1062 666 1097 etc.

887 1187 959 1226 IV.

390 1338 600 1379 Veterum
623 1338 891 1378 Graecorum
912 1343 955 1377 et
977 1337 1233 1378 Latinorum
1256 1349 1357 1377 vera
1377 1337 1516 1378 imita-

335 1431 397 1472 tio
425 1443 514 1471 non
542 1436 606 1471 est
628 1437 677 1470 ut
703 1436 879 1471 externa
899 1429 1111 1470 sermonis
1134 1429 1320 1487 species,
1351 1427 1515 1471 nedum

334 1530 384 1564 ut
403 1523 634 1581 opiniones
654 1529 698 1563 et
721 1528 988 1574 commenta,
1012 1520 1085 1563 sed
1107 1529 1157 1563 ut
1176 1535 1327 1564 sensus
1341 1520 1515 1581 pulchri

289 1604 293 1607 ’
336 1629 489 1657 eorum
511 1622 555 1656 et
577 1616 623 1655 in
645 1612 778 1656 rebus
791 1613 1026 1656 tractandis
1045 1613 1278 1672 elegantia,
1302 1624 1516 1673 quantum

335 1708 429 1752 fieri
460 1717 623 1767 potest,
655 1709 967 1766 exprimantur.

901 1849 949 1887 V.

397 1987 521 2032 Haud
544 1987 727 2031 facimus
751 2001 853 2030 cum
872 1990 1074 2046 Menagio
1097 1988 1247 2032 ultima
1267 1990 1519 2035 Anacharsi-

341 2084 406 2127 dis
417 2083 524 2126 dicti
533 2082 665 2126 verba
686 2084 959 2141 »μειρακίον
979 2081 1063 2128 ἐιὲν
1079 2085 1186 2134 νέος
1203 2084 1270 2129 ὤν
1287 2084 1371 2130 τὸν
1388 2083 1520 2133 οἶνον

342 2180 396 2224 dv
428 2181 590 2238 φέρῃς,
620 2180 767 2237 γέρων
793 2179 1040 2237 γενόμενος
1071 2177 1195 2238 ὕδωρ
1229 2181 1379 2231 οἴσεις
1409 2184 1521 2225 acci-

342 2275 488 2331 piente
511 2272 565 2316 de
588 2287 702 2331 aqua
729 2274 963 2326 intercute,
995 2274 1057 2316 sic
1079 2275 1197 2316 enim
1221 2272 1334 2318 foret
1356 2274 1521 2319 dictum

343 2370 445 2411 satis
467 2367 694 2425 frigidum,
724 2382 862 2426 quum
888 2369 941 2409 sit
964 2366 1285 2411 facetissimum.
